,Symbol,TradingDate,TradingTime,PreClosePrice,OpenPrice,HighPrice,LowPrice,LastPrice,SellLevelNo,SellPrice10,SellPrice09,SellPrice08,SellPrice07,SellPrice06,SellPrice05,SellPrice04,SellPrice03,SellPrice02,SellPrice01,BuyPrice01,BuyPrice02,BuyPrice03,BuyPrice04,BuyPrice05,BuyPrice06,BuyPrice07,BuyPrice08,BuyPrice09,BuyPrice10,BuyLevelNo,SellVolume10,SellVolume09,SellVolume08,SellVolume07,SellVolume06,SellVolume05,SellVolume04,SellVolume03,SellVolume02,SellVolume01,BuyVolume01,BuyVolume02,BuyVolume03,BuyVolume04,BuyVolume05,BuyVolume06,BuyVolume07,BuyVolume08,BuyVolume09,BuyVolume10,TotalNo,TotalVolume,TotalAmount,TotalBuyOrderVolume,WtAvgBuyPrice,TotalSellOrderVolume,WtAvgSellPrice,IOPV,UNIX,Market,ClosePrice,TotalBuyOrderNo01,TotalBuyOrderNo02,TotalBuyOrderNo03,TotalBuyOrderNo04,TotalBuyOrderNo05,TotalBuyOrderNo06,TotalBuyOrderNo07,TotalBuyOrderNo08,TotalBuyOrderNo09,TotalBuyOrderNo10,TotalSellOrderNo01,TotalSellOrderNo02,TotalSellOrderNo03,TotalSellOrderNo04,TotalSellOrderNo05,TotalSellOrderNo06,TotalSellOrderNo07,TotalSellOrderNo08,TotalSellOrderNo09,TotalSellOrderNo10
0,603933,20200102,09:15:04.000,15.94,0,0.0,0.0,0.0,2,0.0,0.0,0.0,0.0,0.0,0.0,0.0,0.0,0.0,15.95,15.95,0.0,0.0,0.0,0.0,0.0,0.0,0.0,0.0,0.0,2,0,0,0,0,0,0,0,0,0,300,300,0,0,0,0,0,0,0,0,0,0,0,0.0,0,0.0,0,0.0,0,1577927704000,SSE,0.0,0,0,0,0,0,0,0,0,0,0,0,0,0,0,0,0,0,0,0,0
1,603933,20200102,09:17:13.000,15.94,0,0.0,0.0,0.0,2,0.0,0.0,0.0,0.0,0.0,0.0,0.0,0.0,0.0,15.95,15.95,0.0,0.0,0.0,0.0,0.0,0.0,0.0,0.0,0.0,2,0,0,0,0,0,0,0,0,0,300,300,100,0,0,0,0,0,0,0,0,0,0,0.0,0,0.0,0,0.0,0,1577927833000,SSE,0.0,0,0,0,0,0,0,0,0,0,0,0,0,0,0,0,0,0,0,0,0
2,603933,20200102,09:17:20.000,15.94,0,0.0,0.0,0.0,2,0.0,0.0,0.0,0.0,0.0,0.0,0.0,0.0,0.0,15.61,15.61,0.0,0.0,0.0,0.0,0.0,0.0,0.0,0.0,0.0,2,0,0,0,0,0,0,0,0,0,23800,23800,3100,0,0,0,0,0,0,0,0,0,0,0.0,0,0.0,0,0.0,0,1577927840000,SSE,0.0,0,0,0,0,0,0,0,0,0,0,0,0,0,0,0,0,0,0,0,0
3,603933,20200102,09:17:44.000,15.94,0,0.0,0.0,0.0,2,0.0,0.0,0.0,0.0,0.0,0.0,0.0,0.0,0.0,15.95,15.95,0.0,0.0,0.0,0.0,0.0,0.0,0.0,0.0,0.0,2,0,0,0,0,0,0,0,0,0,300,300,100,0,0,0,0,0,0,0,0,0,0,0.0,0,0.0,0,0.0,0,1577927864000,SSE,0.0,0,0,0,0,0,0,0,0,0,0,0,0,0,0,0,0,0,0,0,0
4,603933,20200102,09:20:05.000,15.94,0,0.0,0.0,0.0,2,0.0,0.0,0.0,0.0,0.0,0.0,0.0,0.0,0.0,15.96,15.96,0.0,0.0,0.0,0.0,0.0,0.0,0.0,0.0,0.0,2,0,0,0,0,0,0,0,0,0,300,300,200,0,0,0,0,0,0,0,0,0,0,0.0,0,0.0,0,0.0,0,1577928005000,SSE,0.0,0,0,0,0,0,0,0,0,0,0,0,0,0,0,0,0,0,0,0,0
5,603933,20200102,09:20:23.000,15.94,0,0.0,0.0,0.0,2,0.0,0.0,0.0,0.0,0.0,0.0,0.0,0.0,0.0,15.96,15.96,0.0,0.0,0.0,0.0,0.0,0.0,0.0,0.0,0.0,2,0,0,0,0,0,0,0,0,0,300,300,600,0,0,0,0,0,0,0,0,0,0,0.0,0,0.0,0,0.0,0,1577928023000,SSE,0.0,0,0,0,0,0,0,0,0,0,0,0,0,0,0,0,0,0,0,0,0
6,603933,20200102,09:20:41.000,15.94,0,0.0,0.0,0.0,2,0.0,0.0,0.0,0.0,0.0,0.0,0.0,0.0,0.0,15.96,15.96,0.0,0.0,0.0,0.0,0.0,0.0,0.0,0.0,0.0,2,0,0,0,0,0,0,0,0,0,300,300,700,0,0,0,0,0,0,0,0,0,0,0.0,0,0.0,0,0.0,0,1577928041000,SSE,0.0,0,0,0,0,0,0,0,0,0,0,0,0,0,0,0,0,0,0,0,0
7,603933,20200102,09:21:05.000,15.94,0,0.0,0.0,0.0,2,0.0,0.0,0.0,0.0,0.0,0.0,0.0,0.0,0.0,15.96,15.96,0.0,0.0,0.0,0.0,0.0,0.0,0.0,0.0,0.0,2,0,0,0,0,0,0,0,0,0,300,300,2100,0,0,0,0,0,0,0,0,0,0,0.0,0,0.0,0,0.0,0,1577928065000,SSE,0.0,0,0,0,0,0,0,0,0,0,0,0,0,0,0,0,0,0,0,0,0
8,603933,20200102,09:21:23.000,15.94,0,0.0,0.0,0.0,2,0.0,0.0,0.0,0.0,0.0,0.0,0.0,0.0,0.0,15.96,15.96,0.0,0.0,0.0,0.0,0.0,0.0,0.0,0.0,0.0,2,0,0,0,0,0,0,0,0,0,300,300,3100,0,0,0,0,0,0,0,0,0,0,0.0,0,0.0,0,0.0,0,1577928083000,SSE,0.0,0,0,0,0,0,0,0,0,0,0,0,0,0,0,0,0,0,0,0,0
9,603933,20200102,09:22:05.000,15.94,0,0.0,0.0,0.0,2,0.0,0.0,0.0,0.0,0.0,0.0,0.0,0.0,0.0,15.96,15.96,0.0,0.0,0.0,0.0,0.0,0.0,0.0,0.0,0.0,2,0,0,0,0,0,0,0,0,0,700,700,2700,0,0,0,0,0,0,0,0,0,0,0.0,0,0.0,0,0.0,0,1577928125000,SSE,0.0,0,0,0,0,0,0,0,0,0,0,0,0,0,0,0,0,0,0,0,0
10,603933,20200102,09:22:17.000,15.94,0,0.0,0.0,0.0,2,0.0,0.0,0.0,0.0,0.0,0.0,0.0,0.0,0.0,15.96,15.96,0.0,0.0,0.0,0.0,0.0,0.0,0.0,0.0,0.0,2,0,0,0,0,0,0,0,0,0,700,700,3700,0,0,0,0,0,0,0,0,0,0,0.0,0,0.0,0,0.0,0,1577928137000,SSE,0.0,0,0,0,0,0,0,0,0,0,0,0,0,0,0,0,0,0,0,0,0
11,603933,20200102,09:22:29.000,15.94,0,0.0,0.0,0.0,2,0.0,0.0,0.0,0.0,0.0,0.0,0.0,0.0,0.0,15.96,15.96,0.0,0.0,0.0,0.0,0.0,0.0,0.0,0.0,0.0,2,0,0,0,0,0,0,0,0,0,700,700,4300,0,0,0,0,0,0,0,0,0,0,0.0,0,0.0,0,0.0,0,1577928149000,SSE,0.0,0,0,0,0,0,0,0,0,0,0,0,0,0,0,0,0,0,0,0,0
12,603933,20200102,09:22:32.000,15.94,0,0.0,0.0,0.0,2,0.0,0.0,0.0,0.0,0.0,0.0,0.0,0.0,0.0,15.96,15.96,0.0,0.0,0.0,0.0,0.0,0.0,0.0,0.0,0.0,2,0,0,0,0,0,0,0,0,0,700,700,5000,0,0,0,0,0,0,0,0,0,0,0.0,0,0.0,0,0.0,0,1577928152000,SSE,0.0,0,0,0,0,0,0,0,0,0,0,0,0,0,0,0,0,0,0,0,0
13,603933,20200102,09:23:11.000,15.94,0,0.0,0.0,0.0,2,0.0,0.0,0.0,0.0,0.0,0.0,0.0,0.0,0.0,15.96,15.96,0.0,0.0,0.0,0.0,0.0,0.0,0.0,0.0,0.0,2,0,0,0,0,0,0,0,0,0,700,700,5200,0,0,0,0,0,0,0,0,0,0,0.0,0,0.0,0,0.0,0,1577928191000,SSE,0.0,0,0,0,0,0,0,0,0,0,0,0,0,0,0,0,0,0,0,0,0
14,603933,20200102,09:23:59.000,15.94,0,0.0,0.0,0.0,2,0.0,0.0,0.0,0.0,0.0,0.0,0.0,0.0,0.0,15.96,15.96,0.0,0.0,0.0,0.0,0.0,0.0,0.0,0.0,0.0,2,0,0,0,0,0,0,0,0,0,700,700,6200,0,0,0,0,0,0,0,0,0,0,0.0,0,0.0,0,0.0,0,1577928239000,SSE,0.0,0,0,0,0,0,0,0,0,0,0,0,0,0,0,0,0,0,0,0,0
15,603933,20200102,09:24:02.000,15.94,0,0.0,0.0,0.0,2,0.0,0.0,0.0,0.0,0.0,0.0,0.0,0.0,0.0,15.96,15.96,0.0,0.0,0.0,0.0,0.0,0.0,0.0,0.0,0.0,2,0,0,0,0,0,0,0,0,0,700,700,7700,0,0,0,0,0,0,0,0,0,0,0.0,0,0.0,0,0.0,0,1577928242000,SSE,0.0,0,0,0,0,0,0,0,0,0,0,0,0,0,0,0,0,0,0,0,0
16,603933,20200102,09:24:08.000,15.94,0,0.0,0.0,0.0,2,0.0,0.0,0.0,0.0,0.0,0.0,0.0,0.0,0.0,15.96,15.96,0.0,0.0,0.0,0.0,0.0,0.0,0.0,0.0,0.0,2,0,0,0,0,0,0,0,0,0,6000,6000,2400,0,0,0,0,0,0,0,0,0,0,0.0,0,0.0,0,0.0,0,1577928248000,SSE,0.0,0,0,0,0,0,0,0,0,0,0,0,0,0,0,0,0,0,0,0,0
17,603933,20200102,09:24:11.000,15.94,0,0.0,0.0,0.0,2,0.0,0.0,0.0,0.0,0.0,0.0,0.0,0.0,0.0,15.96,15.96,0.0,0.0,0.0,0.0,0.0,0.0,0.0,0.0,0.0,2,0,0,0,0,0,0,0,0,0,6400,6400,2600,0,0,0,0,0,0,0,0,0,0,0.0,0,0.0,0,0.0,0,1577928251000,SSE,0.0,0,0,0,0,0,0,0,0,0,0,0,0,0,0,0,0,0,0,0,0
18,603933,20200102,09:24:17.000,15.94,0,0.0,0.0,0.0,2,0.0,0.0,0.0,0.0,0.0,0.0,0.0,0.0,0.0,15.96,15.96,0.0,0.0,0.0,0.0,0.0,0.0,0.0,0.0,0.0,2,0,0,0,0,0,0,0,0,0,6400,6400,5100,0,0,0,0,0,0,0,0,0,0,0.0,0,0.0,0,0.0,0,1577928257000,SSE,0.0,0,0,0,0,0,0,0,0,0,0,0,0,0,0,0,0,0,0,0,0
19,603933,20200102,09:24:20.000,15.94,0,0.0,0.0,0.0,2,0.0,0.0,0.0,0.0,0.0,0.0,0.0,0.0,0.0,15.96,15.96,0.0,0.0,0.0,0.0,0.0,0.0,0.0,0.0,0.0,2,0,0,0,0,0,0,0,0,0,6600,6600,4900,0,0,0,0,0,0,0,0,0,0,0.0,0,0.0,0,0.0,0,1577928260000,SSE,0.0,0,0,0,0,0,0,0,0,0,0,0,0,0,0,0,0,0,0,0,0
20,603933,20200102,09:24:23.000,15.94,0,0.0,0.0,0.0,2,0.0,0.0,0.0,0.0,0.0,0.0,0.0,0.0,0.0,15.96,15.96,0.0,0.0,0.0,0.0,0.0,0.0,0.0,0.0,0.0,2,0,0,0,0,0,0,0,0,0,6600,6600,7200,0,0,0,0,0,0,0,0,0,0,0.0,0,0.0,0,0.0,0,1577928263000,SSE,0.0,0,0,0,0,0,0,0,0,0,0,0,0,0,0,0,0,0,0,0,0
21,603933,20200102,09:24:29.000,15.94,0,0.0,0.0,0.0,2,0.0,0.0,0.0,0.0,0.0,0.0,0.0,0.0,0.0,15.96,15.96,0.0,0.0,0.0,0.0,0.0,0.0,0.0,0.0,0.0,2,0,0,0,0,0,0,0,0,0,6700,6700,7100,0,0,0,0,0,0,0,0,0,0,0.0,0,0.0,0,0.0,0,1577928269000,SSE,0.0,0,0,0,0,0,0,0,0,0,0,0,0,0,0,0,0,0,0,0,0
22,603933,20200102,09:24:35.000,15.94,0,0.0,0.0,0.0,2,0.0,0.0,0.0,0.0,0.0,0.0,0.0,0.0,0.0,15.96,15.96,0.0,0.0,0.0,0.0,0.0,0.0,0.0,0.0,0.0,2,0,0,0,0,0,0,0,0,0,6700,6700,7200,0,0,0,0,0,0,0,0,0,0,0.0,0,0.0,0,0.0,0,1577928275000,SSE,0.0,0,0,0,0,0,0,0,0,0,0,0,0,0,0,0,0,0,0,0,0
23,603933,20200102,09:24:38.000,15.94,0,0.0,0.0,0.0,2,0.0,0.0,0.0,0.0,0.0,0.0,0.0,0.0,0.0,16.0,16.0,0.0,0.0,0.0,0.0,0.0,0.0,0.0,0.0,0.0,2,0,0,0,0,0,0,0,0,0,6700,6700,5000,0,0,0,0,0,0,0,0,0,0,0.0,0,0.0,0,0.0,0,1577928278000,SSE,0.0,0,0,0,0,0,0,0,0,0,0,0,0,0,0,0,0,0,0,0,0
24,603933,20200102,09:24:59.000,15.94,0,0.0,0.0,0.0,2,0.0,0.0,0.0,0.0,0.0,0.0,0.0,0.0,0.0,16.0,16.0,0.0,0.0,0.0,0.0,0.0,0.0,0.0,0.0,0.0,2,0,0,0,0,0,0,0,0,0,6700,6700,5500,0,0,0,0,0,0,0,0,0,0,0.0,0,0.0,0,0.0,0,1577928299000,SSE,0.0,0,0,0,0,0,0,0,0,0,0,0,0,0,0,0,0,0,0,0,0
25,603933,20200102,09:25:00.000,15.94,0,16.0,16.0,16.0,10,16.2,16.18,16.14,16.13,16.12,16.11,16.1,16.07,16.05,16.03,16.0,15.98,15.97,15.96,15.95,15.94,15.93,15.9,15.88,15.85,10,5600,300,500,1900,100,2800,100,2000,2000,600,5300,2100,400,13300,700,1000,1000,1500,600,2000,9,6900,110400.0,85500,15.677,178600,16.944000000000003,0,1577928300000,SSE,0.0,2,2,1,14,3,1,1,3,3,1,1,1,2,1,1,1,3,1,1,4
26,603933,20200102,09:25:02.000,15.94,16,16.0,16.0,16.0,10,16.2,16.18,16.14,16.13,16.12,16.11,16.1,16.07,16.05,16.03,16.0,15.98,15.97,15.96,15.95,15.94,15.93,15.9,15.88,15.85,10,5600,300,500,1900,100,2800,100,2000,2000,600,5300,2100,400,13300,700,1000,1000,1500,600,2000,9,6900,110400.0,85500,15.677,178600,16.944000000000003,0,1577928302000,SSE,0.0,2,2,1,14,3,1,1,3,3,1,1,1,2,1,1,1,3,1,1,4
27,603933,20200102,09:30:00.000,15.94,16,16.0,16.0,16.0,10,16.2,16.18,16.14,16.13,16.12,16.11,16.1,16.07,16.05,16.03,16.0,15.98,15.97,15.96,15.95,15.94,15.93,15.9,15.88,15.85,10,5600,300,500,1900,100,2800,100,2000,2000,600,5300,2100,400,13300,700,1000,1000,1500,600,2000,9,6900,110400.0,85500,15.677,179500,16.944000000000003,0,1577928600000,SSE,0.0,2,2,1,14,3,1,1,3,3,1,1,1,2,1,1,1,3,1,1,4
28,603933,20200102,09:30:03.000,15.94,16,16.07,16.0,16.03,10,16.2,16.18,16.15,16.14,16.13,16.12,16.11,16.1,16.09,16.07,16.03,16.01,16.0,15.98,15.97,15.96,15.95,15.94,15.93,15.91,10,5600,300,1500,500,1900,100,2800,4300,500,1300,17600,3100,500,1900,1400,15800,1700,1000,1000,500,23,20800,333164.0,117300,15.747,188800,16.923,0,1577928603000,SSE,0.0,8,4,2,1,2,12,4,1,1,1,2,1,5,1,1,3,1,1,1,4
29,603933,20200102,09:30:06.000,15.94,16,16.07,16.0,16.05,10,16.18,16.16,16.15,16.14,16.13,16.12,16.11,16.1,16.09,16.07,16.05,16.03,16.01,16.0,15.98,15.97,15.96,15.95,15.93,15.9,10,300,200,1500,1500,1900,100,2800,5300,500,1300,1600,51700,11500,10400,1900,5100,13300,4700,1000,5600,25,21900,350807.0,181000,15.837,220300,16.875999999999998,0,1577928606000,SSE,0.0,2,17,9,9,1,5,11,5,1,8,2,1,6,1,1,3,2,1,1,1
30,603933,20200102,09:30:09.000,15.94,16,16.07,16.0,16.06,10,16.2,16.18,16.15,16.14,16.13,16.12,16.11,16.1,16.09,16.07,16.06,16.05,16.03,16.01,16.0,15.98,15.97,15.96,15.95,15.93,10,8500,300,1500,1500,1900,100,2800,5300,500,1300,600,300,51700,13500,10600,1900,9000,13300,4700,1000,27,23400,374884.0,189800,15.84,226900,16.877,0,1577928609000,SSE,0.0,1,1,17,10,10,1,6,11,5,1,2,1,6,1,1,3,2,1,1,6
31,603933,20200102,09:30:12.000,15.94,16,16.07,16.0,16.07,10,16.2,16.18,16.15,16.14,16.13,16.12,16.11,16.1,16.09,16.07,16.06,16.05,16.03,16.01,16.0,15.98,15.97,15.96,15.95,15.93,10,8500,300,1500,1500,1900,100,2800,5300,500,600,600,300,56700,13500,11100,1900,9100,13300,5900,1000,29,24100,386133.0,195800,15.847000000000001,230600,16.88,0,1577928612000,SSE,0.0,1,1,18,10,11,1,7,11,6,1,1,1,6,1,1,3,2,1,1,6
32,603933,20200102,09:30:15.000,15.94,16,16.07,16.0,16.06,10,16.2,16.18,16.15,16.14,16.13,16.12,16.11,16.1,16.09,16.07,16.06,16.05,16.04,16.03,16.01,16.0,15.98,15.97,15.96,15.95,10,8500,300,1500,1500,1900,100,2800,5300,500,600,100,300,300,57900,13500,11700,1900,9100,13300,5900,30,24600,394163.0,197400,15.847999999999999,230800,16.881,0,1577928615000,SSE,0.0,1,1,1,20,10,12,1,7,11,6,1,1,6,1,1,3,2,1,1,6
33,603933,20200102,09:30:18.000,15.94,16,16.07,16.0,16.07,10,16.23,16.2,16.18,16.15,16.14,16.13,16.12,16.11,16.1,16.09,16.07,16.06,16.05,16.04,16.03,16.01,16.0,15.98,15.97,15.96,10,1800,9000,600,1500,1500,1900,100,2800,6300,500,1900,300,300,300,57900,13600,12700,1900,9100,13300,31,25200,403805.0,200600,15.850999999999999,232600,16.879,0,1577928618000,SSE,0.0,1,2,1,1,20,11,13,1,7,11,1,7,1,1,3,2,1,2,7,2
34,603933,20200102,09:30:20.000,15.94,16,16.07,16.0,16.07,10,16.23,16.2,16.18,16.15,16.14,16.13,16.12,16.11,16.1,16.09,16.07,16.06,16.05,16.04,16.03,16.01,16.0,15.98,15.97,15.96,10,1800,9000,600,1500,1500,1900,100,2800,6300,500,29300,300,1300,300,59700,13600,12000,1900,9100,13300,33,26700,427910.0,230300,15.879000000000001,232600,16.879,0,1577928620000,SSE,0.0,3,2,2,1,20,11,12,1,7,11,1,7,1,1,3,2,1,2,7,2
35,603933,20200102,09:30:23.000,15.94,16,16.07,16.0,16.07,10,16.23,16.2,16.18,16.15,16.14,16.13,16.12,16.11,16.1,16.09,16.07,16.06,16.05,16.04,16.03,16.01,16.0,15.98,15.97,15.96,10,1800,9000,600,1500,1500,1900,100,2800,7400,500,37100,300,1300,300,58400,13600,12000,2600,9100,13300,34,26900,431124.0,237500,15.885,239000,16.862000000000002,0,1577928623000,SSE,0.0,4,2,2,1,19,11,12,2,7,11,1,8,1,1,3,2,1,2,7,2
36,603933,20200102,09:30:26.000,15.94,16,16.1,16.0,16.1,10,16.23,16.2,16.18,16.16,16.15,16.14,16.13,16.12,16.11,16.1,16.09,16.07,16.06,16.05,16.04,16.03,16.01,16.0,15.98,15.97,10,1800,9000,600,3000,1500,1500,1700,100,2800,5000,1300,38100,200,1300,300,58400,13400,12000,2600,9100,37,29300,469759.0,239500,15.886,240800,16.866,0,1577928626000,SSE,0.0,1,5,1,2,1,19,10,12,2,7,6,1,1,2,2,1,1,2,7,2
37,603933,20200102,09:30:29.000,15.94,16,16.1,16.0,16.09,10,16.2,16.18,16.16,16.15,16.14,16.13,16.12,16.11,16.1,16.09,16.07,16.06,16.05,16.04,16.03,16.01,16.0,15.98,15.97,15.96,10,9000,600,3000,1500,1500,1700,100,2800,5000,2300,38100,200,1300,300,58400,13400,12000,2600,9100,13300,40,32500,521247.0,238200,15.885,243100,16.858,0,1577928629000,SSE,0.0,5,1,2,1,19,10,12,2,7,11,1,6,1,1,2,2,1,1,2,7
38,603933,20200102,09:30:32.000,15.94,16,16.1,16.0,16.07,10,16.2,16.18,16.16,16.15,16.14,16.13,16.12,16.11,16.1,16.09,16.08,16.07,16.06,16.05,16.04,16.03,16.01,16.0,15.98,15.97,10,9000,600,3000,1500,1500,1700,100,2800,5000,2300,800,37900,200,1300,300,58400,13400,12000,2600,9100,41,32700,524461.0,238800,15.886,243100,16.858,0,1577928632000,SSE,0.0,1,4,1,2,1,19,10,12,2,7,1,6,1,1,2,2,1,1,2,7
39,603933,20200102,09:30:35.000,15.94,16,16.1,16.0,16.07,10,16.2,16.18,16.16,16.15,16.14,16.13,16.12,16.11,16.1,16.09,16.08,16.07,16.06,16.05,16.04,16.03,16.01,16.0,15.98,15.97,10,9000,600,3000,1500,1500,1700,100,2800,9000,2300,800,9900,200,1300,300,58400,13400,12000,2600,9100,41,32700,524461.0,210200,15.860999999999999,247100,16.846,0,1577928635000,SSE,0.0,1,3,1,2,1,19,10,12,2,7,1,7,1,1,2,2,1,1,2,7
40,603933,20200102,09:30:38.000,15.94,16,16.1,16.0,16.07,10,16.2,16.18,16.16,16.15,16.14,16.13,16.12,16.11,16.1,16.09,16.08,16.07,16.06,16.05,16.04,16.03,16.01,16.0,15.98,15.97,10,9000,600,3000,1500,1500,1700,100,2800,9000,2800,2800,9900,200,1300,300,58400,13400,12000,2600,9100,41,32700,524461.0,225100,15.847999999999999,247600,16.844,0,1577928638000,SSE,0.0,2,3,1,2,1,19,10,12,2,7,2,7,1,1,2,2,1,1,2,7
41,603933,20200102,09:30:41.000,15.94,16,16.1,16.0,16.09,10,16.23,16.2,16.18,16.16,16.15,16.14,16.13,16.12,16.11,16.1,16.09,16.08,16.07,16.06,16.05,16.04,16.03,16.01,16.0,15.98,10,1800,9000,600,3000,1500,1500,1700,100,2800,9000,25700,3000,9900,200,1300,300,58200,13400,18000,2600,45,36000,577553.0,256800,15.876,244800,16.852999999999998,0,1577928641000,SSE,0.0,1,4,3,1,2,1,18,10,13,2,7,1,1,2,2,1,1,2,7,2
42,603933,20200102,09:30:43.000,15.94,16,16.1,16.0,16.09,10,16.23,16.2,16.18,16.16,16.15,16.14,16.13,16.12,16.11,16.1,16.09,16.08,16.07,16.06,16.05,16.04,16.03,16.01,16.0,15.98,10,1800,9000,600,3000,1500,1500,1700,100,2800,9000,27000,3000,8000,200,1300,300,58200,13400,18000,2600,48,40400,648349.0,256200,15.876,244900,16.852999999999998,0,1577928643000,SSE,0.0,4,4,1,1,2,1,18,10,13,2,7,1,1,2,2,1,1,2,7,2
43,603933,20200102,09:30:46.000,15.94,16,16.1,16.0,16.09,10,16.23,16.2,16.18,16.16,16.15,16.14,16.13,16.12,16.11,16.1,16.09,16.08,16.07,16.06,16.05,16.04,16.03,16.01,16.0,15.98,10,1800,9000,600,3000,1500,1500,1700,100,2800,9000,26000,3000,8000,200,1300,300,58200,13400,17400,2600,49,41400,664439.0,254600,15.874,245700,16.852999999999998,0,1577928646000,SSE,0.0,4,4,1,1,2,1,18,10,12,2,7,1,1,2,2,1,1,2,7,2
44,603933,20200102,09:30:49.000,15.94,16,16.1,16.0,16.1,10,16.23,16.2,16.18,16.16,16.15,16.14,16.13,16.12,16.11,16.1,16.09,16.08,16.07,16.06,16.05,16.04,16.03,16.01,16.0,15.98,10,1800,9000,600,3000,1500,1500,1700,100,2800,2400,24200,3000,8000,200,1300,300,58200,12900,11700,2600,60,49800,799661.0,246600,15.87,239200,16.873,0,1577928649000,SSE,0.0,4,4,1,1,2,1,18,9,11,2,1,1,1,2,2,1,1,2,7,2
45,603933,20200102,09:30:52.000,15.94,16,16.1,16.0,16.1,10,16.23,16.2,16.18,16.16,16.15,16.14,16.13,16.12,16.11,16.1,16.09,16.08,16.07,16.06,16.05,16.04,16.03,16.01,16.0,15.98,10,1800,9000,1300,3000,1500,1500,1700,100,2800,1200,27200,3000,8000,200,1300,300,58200,12900,11700,2600,62,51000,818981.0,249200,15.872,238700,16.875,0,1577928652000,SSE,0.0,6,4,1,1,2,1,18,9,11,2,1,1,1,2,2,1,1,3,7,2
46,603933,20200102,09:30:55.000,15.94,16,16.1,16.0,16.1,10,16.23,16.2,16.18,16.16,16.15,16.14,16.13,16.12,16.11,16.1,16.09,16.08,16.07,16.06,16.05,16.04,16.03,16.01,16.0,15.98,10,1800,9000,1300,3000,1500,1500,1700,100,2800,200,27200,3000,8000,200,1300,300,58200,12900,11700,2600,64,52500,843131.0,249200,15.872,237700,16.878,0,1577928655000,SSE,0.0,6,4,1,1,2,1,18,9,11,2,1,1,1,2,2,1,1,3,7,2
47,603933,20200102,09:30:58.000,15.94,16,16.11,16.0,16.11,10,16.23,16.2,16.18,16.16,16.15,16.14,16.13,16.12,16.11,16.1,16.09,16.08,16.07,16.06,16.05,16.04,16.03,16.01,16.0,15.98,10,1800,9000,1300,3000,1500,1500,1700,100,2700,100,27800,3000,8000,200,1300,300,58200,12900,11700,2600,66,52800,847962.0,249800,15.873,237500,16.879,0,1577928658000,SSE,0.0,7,4,1,1,2,1,18,9,11,2,1,1,1,2,2,1,1,3,7,2
48,603933,20200102,09:31:01.000,15.94,16,16.11,16.0,16.1,10,16.24,16.23,16.2,16.18,16.16,16.15,16.14,16.13,16.12,16.11,16.1,16.09,16.08,16.07,16.06,16.05,16.04,16.03,16.01,16.0,10,1500,1800,9000,1300,3000,1500,1500,1700,100,2700,12900,27700,3000,8000,200,1300,300,57600,12900,11700,67,52900,849572.0,262000,15.883,237400,16.879,0,1577928661000,SSE,0.0,3,6,4,1,1,2,1,17,9,11,1,1,2,2,1,1,3,7,2,2
49,603933,20200102,09:31:04.000,15.94,16,16.11,16.0,16.1,10,16.24,16.23,16.2,16.18,16.16,16.15,16.14,16.13,16.12,16.11,16.1,16.09,16.08,16.07,16.06,16.05,16.04,16.03,16.01,16.0,10,1500,1800,9000,1300,3000,2000,1500,1700,100,2700,18600,26700,3000,8000,200,1300,300,57600,12900,11700,67,52900,849572.0,265200,15.887,237900,16.878,0,1577928664000,SSE,0.0,4,5,4,1,1,2,1,17,9,11,1,1,2,2,2,1,3,7,2,2
50,603933,20200102,09:31:07.000,15.94,16,16.11,16.0,16.1,10,16.24,16.23,16.2,16.18,16.16,16.15,16.14,16.13,16.12,16.11,16.1,16.09,16.08,16.07,16.06,16.05,16.04,16.03,16.01,16.0,10,1500,1800,9000,1300,3000,2000,1500,1700,100,2400,19300,26700,2700,8000,200,1300,300,57600,12900,11700,69,53500,859235.0,265600,15.887,238600,16.877,0,1577928667000,SSE,0.0,5,5,3,1,1,2,1,17,9,11,1,1,2,2,2,1,3,7,2,2
51,603933,20200102,09:31:10.000,15.94,16,16.11,16.0,16.1,10,16.24,16.23,16.2,16.18,16.16,16.15,16.14,16.13,16.12,16.11,16.1,16.09,16.08,16.07,16.06,16.05,16.04,16.03,16.01,16.0,10,1500,1800,9000,1300,3000,2000,1500,1700,100,2400,19300,26700,2700,8000,200,1300,300,56600,12900,11700,69,53500,859235.0,264600,15.887,238600,16.877,0,1577928670000,SSE,0.0,5,5,3,1,1,2,1,16,9,11,1,1,2,2,2,1,3,7,2,2
52,603933,20200102,09:31:13.000,15.94,16,16.11,16.0,16.11,10,16.24,16.23,16.2,16.18,16.16,16.15,16.14,16.13,16.12,16.11,16.1,16.09,16.08,16.07,16.06,16.05,16.04,16.03,16.01,16.0,10,1500,1800,9000,1300,3200,2000,1900,1700,700,1500,19200,26700,2700,8000,200,1300,300,56600,12900,11700,75,54500,875344.0,263000,15.886,240400,16.88,0,1577928673000,SSE,0.0,5,5,3,1,1,2,1,16,9,11,1,2,2,3,2,2,3,7,2,2
53,603933,20200102,09:31:16.000,15.94,16,16.11,16.0,16.1,10,16.24,16.23,16.2,16.18,16.16,16.15,16.14,16.13,16.12,16.11,16.1,16.09,16.08,16.07,16.06,16.05,16.04,16.03,16.01,16.0,10,1500,1800,9000,1300,3200,2000,2900,1700,700,200,17700,8200,2700,8000,200,1300,300,56600,12900,11700,79,57300,920437.0,243000,15.869000000000002,240500,16.881,0,1577928676000,SSE,0.0,5,4,3,1,1,2,1,16,9,11,1,2,2,4,2,2,3,7,2,2
54,603933,20200102,09:31:19.000,15.94,16,16.11,16.0,16.11,10,16.25,16.24,16.23,16.2,16.18,16.16,16.15,16.14,16.13,16.12,16.11,16.1,16.09,16.08,16.07,16.06,16.05,16.04,16.03,16.01,10,7500,1500,1800,9000,1300,3200,2000,2900,1700,900,3000,17700,8200,2700,8000,200,1300,300,56600,12900,80,57500,923659.0,246000,15.872,241000,16.881,0,1577928679000,SSE,0.0,2,5,4,3,1,1,2,1,16,9,3,2,4,2,2,3,7,2,2,5
55,603933,20200102,09:31:22.000,15.94,16,16.12,16.0,16.12,10,16.25,16.24,16.23,16.2,16.18,16.16,16.15,16.14,16.13,16.12,16.11,16.1,16.09,16.08,16.07,16.06,16.05,16.04,16.03,16.01,10,7500,1500,1800,9000,1300,3200,2000,2900,1700,1600,19700,17700,8200,2700,8000,200,1300,300,56600,12900,88,60600,973613.0,262700,15.887,241700,16.878,0,1577928682000,SSE,0.0,2,5,4,3,1,1,2,1,16,9,1,2,4,2,2,3,7,2,2,5
56,603933,20200102,09:31:25.000,15.94,16,16.12,16.0,16.12,10,16.25,16.24,16.23,16.2,16.18,16.16,16.15,16.14,16.13,16.12,16.11,16.1,16.09,16.08,16.07,16.06,16.05,16.04,16.03,16.01,10,20500,1500,1800,9000,1300,3200,2000,2900,2200,100,19700,17500,8200,2700,8000,200,1300,300,56600,12900,91,62100,997793.0,261500,15.887,253800,16.849,0,1577928685000,SSE,0.0,2,4,4,3,1,1,2,1,16,9,1,3,4,2,2,3,7,2,2,6
57,603933,20200102,09:31:28.000,15.94,16,16.12,16.0,16.12,10,16.27,16.25,16.24,16.23,16.2,16.18,16.16,16.15,16.14,16.13,16.12,16.11,16.1,16.09,16.08,16.07,16.06,16.05,16.04,16.03,10,400,20500,1500,1800,9000,1300,3200,2000,2900,2200,6100,19700,17500,6200,2700,8000,200,1300,300,56600,94,63900,1026809.0,265600,15.890999999999998,253700,16.849,0,1577928688000,SSE,0.0,3,2,4,3,3,1,1,2,1,16,3,4,2,2,3,7,2,2,6,1
58,603933,20200102,09:31:31.000,15.94,16,16.12,16.0,16.12,10,16.27,16.25,16.24,16.23,16.2,16.18,16.16,16.15,16.14,16.13,16.12,16.11,16.1,16.09,16.08,16.07,16.06,16.05,16.03,16.01,10,400,20500,1500,1800,10000,1300,3200,2000,2900,2200,5100,1200,17700,6200,2700,8000,200,1300,56600,12900,95,64900,1042929.0,233100,15.888,255700,16.845,0,1577928691000,SSE,0.0,3,1,5,3,3,1,1,2,16,9,3,4,2,2,3,8,2,2,6,1
59,603933,20200102,09:31:34.000,15.94,16,16.14,16.0,16.14,10,16.29,16.28,16.27,16.25,16.24,16.23,16.2,16.18,16.16,16.15,16.14,16.13,16.12,16.11,16.1,16.09,16.08,16.07,16.06,16.05,10,9000,7200,400,20500,1500,1800,10000,1300,3200,3300,5500,1000,5100,1200,17700,6200,2700,8000,200,1300,103,70000,1125221.0,239600,15.895,253100,16.858,0,1577928694000,SSE,0.0,1,1,3,1,5,3,3,1,1,2,2,2,3,8,2,2,6,1,4,2
60,603933,20200102,09:31:37.000,15.94,16,16.14,16.0,16.14,10,16.29,16.28,16.27,16.25,16.24,16.23,16.2,16.18,16.16,16.15,16.14,16.13,16.12,16.11,16.1,16.09,16.08,16.07,16.06,16.05,10,9000,7200,400,23400,1500,1800,10000,1800,3200,3300,2200,19600,5100,1200,17700,6200,2700,8000,200,1300,105,73300,1178483.0,256900,15.91,259000,16.855,0,1577928697000,SSE,0.0,1,3,3,1,5,3,3,1,1,2,2,2,4,8,2,2,7,1,4,2
61,603933,20200102,09:31:40.000,15.94,16,16.14,16.0,16.14,10,16.28,16.27,16.25,16.24,16.23,16.2,16.19,16.18,16.16,16.15,16.13,16.12,16.11,16.1,16.09,16.08,16.07,16.06,16.05,16.03,10,7200,400,23400,1500,1800,10000,2400,1800,3200,3300,20100,5100,1200,17700,6200,2700,8000,200,1300,56600,107,75500,1213991.0,254500,15.908,261200,16.849,0,1577928700000,SSE,0.0,4,3,1,5,3,3,1,1,2,16,2,2,4,1,8,2,2,7,1,4
62,603933,20200102,09:31:43.000,15.94,16,16.15,16.0,16.15,10,16.28,16.27,16.25,16.24,16.23,16.2,16.19,16.18,16.16,16.15,16.14,16.13,16.12,16.11,16.1,16.09,16.08,16.07,16.06,16.05,10,7200,400,25200,1500,1800,10000,2400,1800,3200,4500,1400,19300,5100,1200,17700,6200,2700,8000,200,1300,110,76100,1223681.0,252600,15.908,264200,16.842,0,1577928703000,SSE,0.0,1,4,3,1,5,3,3,1,1,2,2,2,4,1,8,2,2,8,1,4
63,603933,20200102,09:31:46.000,15.94,16,16.15,16.0,16.14,10,16.27,16.25,16.24,16.23,16.2,16.19,16.18,16.16,16.15,16.14,16.13,16.12,16.11,16.1,16.09,16.08,16.07,16.06,16.05,16.03,10,400,25200,1500,1800,10000,10500,1800,3200,4500,4700,900,5100,1200,17700,6200,700,8000,200,1300,56600,113,77500,1246277.0,230800,15.887,277000,16.811,0,1577928706000,SSE,0.0,3,3,1,5,3,2,1,1,2,16,1,2,2,4,2,8,2,2,8,1
64,603933,20200102,09:31:49.000,15.94,16,16.15,16.0,16.14,10,16.27,16.25,16.24,16.23,16.2,16.19,16.18,16.16,16.15,16.14,16.13,16.12,16.1,16.09,16.08,16.07,16.06,16.05,16.03,16.01,10,400,25200,1500,1800,10000,10500,2400,3200,4500,4300,400,3100,14900,6200,700,8000,200,1300,56600,12900,116,78600,1264026.0,224300,15.880999999999998,277200,16.81,0,1577928709000,SSE,0.0,2,2,4,3,2,1,1,2,16,9,2,2,2,5,2,8,2,2,8,1
65,603933,20200102,09:31:52.000,15.94,16,16.16,16.0,16.16,10,16.3,16.29,16.28,16.27,16.25,16.24,16.23,16.2,16.19,16.18,16.16,16.15,16.12,16.1,16.09,16.08,16.07,16.06,16.05,16.03,10,6200,9000,7200,400,25200,1500,1800,10000,10500,2400,1400,200,3100,14900,6200,700,8000,200,1300,56600,127,96000,1544939.0,225500,15.882,265300,16.84,0,1577928712000,SSE,0.0,1,1,2,4,3,2,1,1,2,16,5,2,8,2,2,8,1,4,2,4
66,603933,20200102,09:31:55.000,15.94,16,16.17,16.0,16.17,10,16.29,16.28,16.27,16.25,16.24,16.23,16.2,16.19,16.18,16.17,16.15,16.12,16.1,16.09,16.08,16.07,16.06,16.05,16.03,16.01,10,9000,7200,400,25700,1500,1800,10000,10500,2400,800,100,4400,14900,6200,700,8000,200,1300,56600,12900,134,100000,1609523.0,225300,15.882,266600,16.837,0,1577928715000,SSE,0.0,1,3,4,3,2,1,1,2,16,9,1,5,2,8,2,2,9,1,4,2
67,603933,20200102,09:31:58.000,15.94,16,16.17,16.0,16.13,10,16.29,16.28,16.27,16.25,16.24,16.23,16.2,16.19,16.18,16.17,16.13,16.12,16.1,16.09,16.08,16.07,16.06,16.05,16.03,16.01,10,9000,7200,400,22800,6600,1800,10000,10500,3000,800,300,4400,15900,6200,700,8000,200,1300,56600,12900,138,102000,1641785.0,225900,15.883,269400,16.831,0,1577928718000,SSE,0.0,1,3,5,3,2,1,1,2,16,9,1,6,2,8,2,3,8,1,4,2
68,603933,20200102,09:32:01.000,15.94,16,16.17,16.0,16.15,10,16.28,16.27,16.25,16.24,16.23,16.2,16.19,16.18,16.17,16.16,16.15,16.13,16.12,16.1,16.09,16.08,16.07,16.06,16.05,16.03,10,7200,400,22800,6600,1800,10000,10500,15500,1100,400,3200,300,4400,15900,6200,700,8000,200,1000,56600,140,103500,1666010.0,228800,15.886,283200,16.8,0,1577928721000,SSE,0.0,1,1,3,5,3,2,1,1,1,16,1,2,8,2,8,2,3,8,1,4
69,603933,20200102,09:32:04.000,15.94,16,16.17,16.0,16.15,10,16.28,16.27,16.25,16.24,16.23,16.2,16.19,16.18,16.17,16.16,16.15,16.12,16.1,16.09,16.08,16.07,16.06,16.05,16.03,16.01,10,7200,400,22800,7600,1800,10000,10500,15500,2100,1800,400,3100,15900,6200,700,8000,200,1000,56600,12900,145,107800,1735465.0,224400,15.880999999999998,286600,16.793,0,1577928724000,SSE,0.0,1,2,5,3,2,1,1,1,16,9,3,3,8,2,8,2,4,8,1,4
70,603933,20200102,09:32:07.000,15.94,16,16.17,16.0,16.15,10,16.27,16.25,16.24,16.23,16.2,16.19,16.18,16.17,16.16,16.15,16.13,16.12,16.1,16.09,16.08,16.07,16.06,16.05,16.03,16.01,10,400,22800,7600,1800,10000,10500,15500,3200,1600,16200,500,3100,15900,6200,700,8000,200,1000,56600,12900,148,108500,1746773.0,224600,15.880999999999998,303700,16.756,0,1577928727000,SSE,0.0,1,2,5,3,2,1,1,1,16,9,4,4,4,8,2,8,2,4,8,1
71,603933,20200102,09:32:10.000,15.94,16,16.17,16.0,16.15,10,16.27,16.25,16.24,16.23,16.2,16.19,16.18,16.17,16.16,16.15,16.14,16.13,16.12,16.1,16.09,16.08,16.07,16.06,16.05,16.03,10,400,22800,7600,1800,10000,10500,15500,5300,1600,20400,300,500,3100,15900,6200,700,8000,200,1000,56600,148,108500,1746773.0,225400,15.879000000000001,310000,16.744,0,1577928730000,SSE,0.0,1,1,2,5,3,2,1,1,1,16,6,4,4,8,2,8,2,4,8,1
72,603933,20200102,09:32:13.000,15.94,16,16.17,16.0,16.15,10,16.27,16.25,16.24,16.23,16.2,16.19,16.18,16.17,16.16,16.15,16.13,16.12,16.1,16.09,16.08,16.07,16.06,16.05,16.03,16.01,10,400,22800,7600,1800,10000,10500,15500,7300,1600,15100,1000,3100,15900,6200,400,8000,200,1000,56100,12900,157,115200,1854958.0,225300,15.878,306700,16.750999999999998,0,1577928733000,SSE,0.0,1,2,5,3,1,1,1,1,15,9,6,4,6,8,2,8,2,4,8,1
73,603933,20200102,09:32:16.000,15.94,16,16.17,16.0,16.12,10,16.25,16.24,16.23,16.2,16.19,16.18,16.17,16.16,16.15,16.14,16.12,16.1,16.09,16.08,16.07,16.06,16.05,16.03,16.01,16.0,10,22800,7600,1800,10000,10500,15500,6800,1600,12200,1300,1100,15900,6200,400,8000,200,1000,56100,12900,12600,161,119500,1924323.0,221600,15.875,308000,16.749000000000002,0,1577928736000,SSE,0.0,1,5,3,1,1,1,1,15,9,11,3,5,4,6,8,2,8,2,4,8
74,603933,20200102,09:32:19.000,15.94,16,16.17,16.0,16.14,10,16.25,16.24,16.23,16.2,16.19,16.18,16.17,16.16,16.15,16.14,16.13,16.12,16.1,16.09,16.08,16.07,16.06,16.05,16.03,16.01,10,22800,7600,1800,10000,10500,15500,6800,1600,16400,6200,200,2900,15900,6200,400,8000,200,1000,56100,12900,165,120400,1938849.0,222800,15.877,317100,16.732,0,1577928739000,SSE,0.0,1,2,5,3,1,1,1,1,15,9,5,10,4,6,8,2,8,2,4,8
75,603933,20200102,09:32:22.000,15.94,16,16.17,16.0,16.13,10,16.24,16.23,16.2,16.19,16.18,16.17,16.16,16.15,16.14,16.13,16.12,16.1,16.09,16.08,16.07,16.06,16.05,16.03,16.01,16.0,10,7600,1800,10000,10500,15500,7800,1600,18100,8200,2400,2900,15900,6200,400,8000,200,1000,56100,12900,12600,169,121200,1951753.0,220600,15.876,324200,16.719,0,1577928742000,SSE,0.0,2,5,3,1,1,1,1,15,9,11,3,7,10,4,7,8,2,8,2,4
76,603933,20200102,09:32:25.000,15.94,16,16.17,16.0,16.1,10,16.23,16.2,16.19,16.18,16.17,16.16,16.15,16.14,16.13,16.12,16.1,16.09,16.08,16.07,16.06,16.05,16.03,16.01,16.0,15.98,10,1800,9500,10500,13200,9000,1600,23800,9400,3300,1580,15500,6200,400,8000,200,1000,56100,12900,12600,1900,176,125100,2014619.0,217300,15.872,330180,16.718,0,1577928745000,SSE,0.0,5,3,1,1,1,1,15,9,11,1,2,4,9,11,4,8,7,2,7,2
77,603933,20200102,09:32:28.000,15.94,16,16.17,16.0,16.1,10,16.2,16.19,16.18,16.17,16.16,16.15,16.14,16.13,16.12,16.1,16.09,16.08,16.07,16.06,16.05,16.03,16.01,16.0,15.98,15.97,10,9500,10500,13200,9000,1600,24400,9400,6000,2780,100,6200,400,8000,200,1000,56100,12900,12600,1900,5900,181,140600,2264169.0,201800,15.855,334680,16.71,0,1577928748000,SSE,0.0,3,1,1,1,1,15,9,11,1,4,1,4,6,9,12,4,8,7,2,7
78,603933,20200102,09:32:31.000,15.94,16,16.17,16.0,16.1,10,16.2,16.19,16.18,16.17,16.16,16.15,16.14,16.13,16.12,16.1,16.09,16.08,16.07,16.06,16.05,16.03,16.01,16.0,15.98,15.97,10,9500,10500,12600,9000,1300,24400,8300,6000,2780,100,6200,400,8000,200,1000,56100,12900,12600,1900,5900,181,140600,2264169.0,201800,15.855,331980,16.713,0,1577928751000,SSE,0.0,3,1,1,1,1,15,9,11,1,4,1,4,6,8,12,3,8,6,2,7
79,603933,20200102,09:32:34.000,15.94,16,16.17,16.0,16.09,10,16.23,16.2,16.19,16.18,16.17,16.16,16.15,16.14,16.13,16.12,16.09,16.08,16.07,16.06,16.05,16.03,16.01,16.0,15.98,15.97,10,1800,9500,10500,12600,5800,1300,24000,8300,6000,2380,3300,400,8000,200,1000,56100,12900,12600,1900,5900,185,144800,2331783.0,198900,15.850999999999999,327880,16.72,0,1577928754000,SSE,0.0,3,1,1,1,1,15,9,11,1,4,5,6,8,11,3,6,6,2,7,2
80,603933,20200102,09:32:37.000,15.94,16,16.17,16.0,16.09,10,16.23,16.2,16.19,16.18,16.17,16.16,16.15,16.14,16.13,16.12,16.09,16.08,16.07,16.06,16.05,16.03,16.01,16.0,15.98,15.97,10,1800,9500,10500,12600,5800,1300,24000,8300,8000,2180,1300,400,8000,200,1000,56100,12900,12600,1900,5900,186,146800,2363963.0,196900,15.849,329680,16.717,0,1577928757000,SSE,0.0,3,1,1,1,1,15,9,11,1,4,4,7,8,11,3,6,6,2,7,2
81,603933,20200102,09:32:40.000,15.94,16,16.17,16.0,16.09,10,16.23,16.2,16.19,16.18,16.17,16.16,16.15,16.14,16.13,16.12,16.1,16.09,16.08,16.07,16.06,16.05,16.03,16.01,16.0,15.98,10,1800,9500,10500,12600,5800,1300,29000,12800,8000,1980,2000,300,400,8000,200,1000,56100,12900,12600,1900,189,147800,2380053.0,197900,15.85,338980,16.701,0,1577928760000,SSE,0.0,1,1,1,1,1,1,15,9,11,1,3,7,10,12,3,6,6,2,7,2
82,603933,20200102,09:32:43.000,15.94,16,16.17,16.0,16.1,10,16.2,16.19,16.18,16.17,16.16,16.15,16.14,16.13,16.12,16.11,16.1,16.09,16.08,16.07,16.06,16.05,16.03,16.01,16.0,15.98,10,9500,10500,12600,5800,1300,25300,12800,8000,1980,300,988,300,400,8000,200,1000,56100,12900,12600,1900,191,148812,2396346.2,196888,15.849,336580,16.706,0,1577928763000,SSE,0.0,1,1,1,1,1,1,15,9,11,1,1,3,7,10,11,3,6,6,2,7
83,603933,20200102,09:32:46.000,15.94,16,16.17,16.0,16.1,10,16.2,16.19,16.18,16.17,16.16,16.15,16.14,16.13,16.12,16.11,16.1,16.09,16.08,16.07,16.06,16.05,16.03,16.01,16.0,15.98,10,9500,10500,12600,5800,1300,25300,12800,7700,1980,300,288,300,400,8000,400,1000,56100,12900,10600,1900,193,149612,2409226.2,194388,15.847000000000001,336280,16.706,0,1577928766000,SSE,0.0,2,1,1,1,2,1,15,9,10,1,1,3,6,10,11,3,6,6,2,7
84,603933,20200102,09:32:49.000,15.94,16,16.17,16.0,16.08,10,16.18,16.17,16.16,16.15,16.14,16.13,16.12,16.11,16.1,16.09,16.08,16.07,16.06,16.05,16.03,16.01,16.0,15.98,15.97,15.96,10,12600,5800,1300,25300,11000,7700,1980,300,212,500,400,8000,400,1000,56100,12900,10600,1900,5900,7700,198,150400,2421906.0,193800,15.845999999999998,335192,16.708,0,1577928769000,SSE,0.0,2,1,2,1,15,9,10,1,4,6,1,1,1,3,6,9,11,3,6,6
85,603933,20200102,09:32:52.000,15.94,16,16.17,16.0,16.08,10,16.18,16.17,16.16,16.15,16.14,16.13,16.12,16.11,16.1,16.09,16.08,16.07,16.06,16.05,16.03,16.01,16.0,15.98,15.97,15.96,10,12700,6000,1300,25300,11000,8200,1980,300,212,1300,2200,8000,400,1000,56100,12900,10600,1900,5900,7700,198,150400,2421906.0,195600,15.847999999999999,336792,16.705,0,1577928772000,SSE,0.0,5,1,2,1,15,9,10,1,4,6,2,1,1,3,6,9,11,3,7,7
86,603933,20200102,09:32:55.000,15.94,16,16.17,16.0,16.09,10,16.18,16.17,16.16,16.15,16.14,16.13,16.12,16.11,16.1,16.09,16.08,16.07,16.06,16.05,16.03,16.01,16.0,15.98,15.97,15.96,10,12700,6000,1300,25300,11000,8200,1900,300,212,300,1300,8000,400,1000,56100,12900,10600,1900,5900,7700,205,152800,2460508.0,194700,15.847000000000001,337612,16.709,0,1577928775000,SSE,0.0,2,1,2,1,15,9,10,1,4,6,1,1,1,3,6,9,11,3,7,7
87,603933,20200102,09:32:58.000,15.94,16,16.17,16.0,16.08,10,16.18,16.17,16.16,16.15,16.14,16.13,16.12,16.11,16.1,16.09,16.08,16.07,16.06,16.05,16.03,16.01,16.0,15.98,15.97,15.96,10,12700,6000,15200,17600,11000,14500,1900,300,212,300,400,8000,400,1000,56100,12900,10600,1900,5900,7700,207,153700,2474980.0,193800,15.845999999999998,353812,16.688,0,1577928778000,SSE,0.0,1,1,2,1,15,9,10,1,4,6,1,1,1,3,7,9,9,4,7,7
88,603933,20200102,09:33:01.000,15.94,16,16.17,16.0,16.08,10,16.18,16.17,16.16,16.15,16.14,16.13,16.12,16.11,16.1,16.09,16.08,16.07,16.06,16.05,16.04,16.03,16.01,16.0,15.98,15.97,10,12700,6000,15200,17600,11000,14500,1900,300,212,300,400,8000,400,1000,2300,56100,12900,10600,1900,5900,207,153700,2474980.0,196100,15.847999999999999,353812,16.688,0,1577928781000,SSE,0.0,1,1,2,1,1,15,9,10,1,4,1,1,1,3,7,9,9,4,7,7
89,603933,20200102,09:33:04.000,15.94,16,16.17,16.0,16.08,10,16.17,16.16,16.15,16.14,16.13,16.12,16.11,16.1,16.09,16.08,16.07,16.06,16.05,16.04,16.03,16.01,16.0,15.98,15.97,15.96,10,6000,15200,17600,11000,14500,1900,300,212,300,100,8300,400,1000,2300,56100,12900,10600,1900,5900,7700,208,154100,2481412.0,196000,15.847999999999999,354112,16.687,0,1577928784000,SSE,0.0,2,2,1,1,15,9,10,1,4,6,1,1,1,1,3,7,9,9,4,7
90,603933,20200102,09:33:07.000,15.94,16,16.17,16.0,16.09,10,16.19,16.18,16.17,16.16,16.15,16.14,16.13,16.12,16.11,16.1,16.08,16.07,16.06,16.05,16.04,16.03,16.01,16.0,15.98,15.97,10,10500,12700,6000,15200,17600,11000,14500,2300,300,212,1100,8300,400,1000,2300,56100,12900,10600,1900,5900,212,155100,2497499.0,196200,15.849,351112,16.691,0,1577928787000,SSE,0.0,1,2,2,1,1,15,9,10,1,4,1,1,4,7,9,9,4,7,7,2
91,603933,20200102,09:33:10.000,15.94,16,16.17,16.0,16.07,10,16.2,16.19,16.18,16.17,16.16,16.15,16.14,16.13,16.12,16.11,16.07,16.06,16.05,16.04,16.03,16.01,16.0,15.98,15.97,15.96,10,9500,10500,12700,6000,15200,17600,9600,14500,10300,300,6900,400,1000,2300,56100,12900,10600,1900,5900,7700,219,160200,2579505.0,194900,15.844000000000001,357500,16.680999999999997,0,1577928790000,SSE,0.0,2,2,1,1,15,9,10,1,4,6,1,7,7,7,9,4,7,7,2,7
92,603933,20200102,09:33:13.000,15.94,16,16.17,16.0,16.07,10,16.19,16.18,16.17,16.16,16.15,16.14,16.13,16.12,16.11,16.08,16.07,16.06,16.05,16.04,16.03,16.01,16.0,15.98,15.97,15.96,10,10500,12700,6000,15200,16500,9600,14500,10300,300,2100,6900,400,1000,2300,56100,12900,10600,1900,5900,7700,219,160200,2579505.0,194900,15.844000000000001,358900,16.679000000000002,0,1577928793000,SSE,0.0,2,2,1,1,15,9,10,1,4,6,1,1,7,7,7,7,4,7,7,2
93,603933,20200102,09:33:16.000,15.94,16,16.17,16.0,16.08,10,16.18,16.17,16.16,16.15,16.14,16.13,16.12,16.11,16.1,16.08,16.07,16.06,16.05,16.04,16.03,16.01,16.0,15.98,15.97,15.96,10,12700,6000,15200,16500,9600,14500,10300,1300,2300,2000,6900,400,1000,2300,56100,12900,10600,1900,5900,7700,220,160300,2581113.0,194900,15.844000000000001,367900,16.688,0,1577928796000,SSE,0.0,2,2,1,1,15,9,10,1,4,6,1,2,2,7,7,7,7,4,7,7
94,603933,20200102,09:33:19.000,15.94,16,16.17,16.0,16.07,10,16.19,16.18,16.17,16.16,16.15,16.14,16.13,16.12,16.11,16.1,16.07,16.06,16.05,16.04,16.03,16.01,16.0,15.98,15.97,15.96,10,10500,12700,6000,15200,16500,10900,14500,10300,1700,2100,3188,400,1000,5900,56100,12900,10600,1900,5900,7700,225,166212,2676144.84,195088,15.843,376300,16.692,0,1577928799000,SSE,0.0,2,2,1,3,15,9,10,1,4,6,2,3,7,7,8,7,4,7,7,2
95,603933,20200102,09:33:22.000,15.94,16,16.17,16.0,16.07,10,16.19,16.18,16.17,16.16,16.15,16.14,16.13,16.12,16.11,16.1,16.07,16.06,16.05,16.04,16.03,16.01,16.0,15.98,15.97,15.96,10,10500,12700,5000,15200,16500,10900,14500,10300,1700,2100,2888,400,1000,5900,56100,12900,10600,1900,5900,7700,227,167712,2700256.84,194788,15.843,375300,16.694000000000003,0,1577928802000,SSE,0.0,3,2,1,3,15,9,10,1,4,6,2,3,7,7,8,7,4,6,7,2
96,603933,20200102,09:33:25.000,15.94,16,16.17,16.0,16.07,10,16.19,16.18,16.17,16.16,16.15,16.14,16.13,16.12,16.11,16.1,16.08,16.07,16.06,16.05,16.04,16.03,16.01,16.0,15.98,15.97,10,10500,12700,5000,15200,16500,10900,28700,10300,1700,400,1000,2388,400,1700,5900,56100,12900,10600,1900,5900,231,171412,2759781.84,196188,15.844000000000001,387800,16.676,0,1577928805000,SSE,0.0,1,3,2,2,3,15,9,10,1,4,2,3,7,8,8,7,4,6,7,2
97,603933,20200102,09:33:28.000,15.94,16,16.17,16.0,16.07,10,16.19,16.18,16.17,16.16,16.15,16.14,16.13,16.12,16.11,16.1,16.08,16.07,16.06,16.05,16.04,16.03,16.01,16.0,15.98,15.97,10,10500,12700,5000,15200,16500,10900,28700,10300,1700,400,1400,2088,400,1700,5900,56100,12900,10600,1900,5900,231,171412,2759781.84,196288,15.845,386400,16.677,0,1577928808000,SSE,0.0,2,2,2,2,3,15,9,10,1,4,2,3,7,8,8,7,4,6,7,2
98,603933,20200102,09:33:31.000,15.94,16,16.17,16.0,16.1,10,16.19,16.18,16.17,16.16,16.15,16.14,16.13,16.12,16.11,16.1,16.07,16.06,16.05,16.04,16.03,16.01,16.0,15.98,15.97,15.96,10,10500,12700,5000,15200,16500,10900,28700,9900,1700,6700,588,400,1700,5900,56100,12900,10600,1900,5900,7700,237,174712,2812838.84,193388,15.841,392300,16.669,0,1577928811000,SSE,0.0,2,2,2,3,15,9,10,1,4,6,1,3,6,8,8,7,4,6,7,2
99,603933,20200102,09:33:34.000,15.94,16,16.17,16.0,16.1,10,16.17,16.16,16.15,16.14,16.13,16.12,16.11,16.1,16.09,16.08,16.07,16.06,16.05,16.04,16.03,16.01,16.0,15.98,15.97,15.96,10,5000,15200,16500,10900,28700,9900,1700,6700,2100,1000,588,400,1700,5900,56100,12900,10600,1900,5900,7700,237,174712,2812838.84,193588,15.841,396000,16.664,0,1577928814000,SSE,0.0,2,2,2,3,15,9,10,1,4,6,1,1,1,3,6,8,8,7,4,6
100,603933,20200102,09:33:37.000,15.94,16,16.17,16.0,16.07,10,16.17,16.16,16.15,16.14,16.13,16.12,16.11,16.1,16.09,16.08,16.07,16.06,16.05,16.04,16.03,16.01,16.0,15.98,15.97,15.96,10,5000,15200,16500,10900,28700,9900,1700,6700,2100,1000,2788,400,1700,5900,44100,12900,10600,1900,5900,7700,240,175612,2827301.84,183788,15.831,396000,16.664,0,1577928817000,SSE,0.0,1,2,2,3,14,9,10,1,4,6,1,1,1,3,6,8,8,7,4,6
101,603933,20200102,09:33:40.000,15.94,16,16.17,16.0,16.08,10,16.17,16.16,16.15,16.14,16.13,16.12,16.11,16.1,16.09,16.08,16.07,16.06,16.05,16.04,16.03,16.01,16.0,15.98,15.97,15.96,10,5000,15200,16500,10900,28700,9900,1700,6700,2100,900,2788,400,1700,5900,44100,12900,10600,1900,5900,7700,241,175712,2828909.84,183788,15.831,395900,16.665,0,1577928820000,SSE,0.0,1,2,2,3,14,9,10,1,4,6,1,1,1,3,6,8,8,7,4,6
102,603933,20200102,09:33:43.000,15.94,16,16.17,16.0,16.07,10,16.17,16.16,16.15,16.14,16.13,16.12,16.11,16.1,16.09,16.08,16.07,16.06,16.05,16.04,16.03,16.01,16.0,15.98,15.97,15.96,10,5000,15200,16500,9900,28700,8900,1700,6700,2100,900,1188,400,1000,5900,44100,12900,16100,1900,5800,7700,243,177312,2854621.84,186888,15.833,391800,16.669,0,1577928823000,SSE,0.0,1,2,1,3,14,9,11,1,3,6,1,1,1,3,5,8,7,7,4,6
103,603933,20200102,09:33:47.000,15.94,16,16.17,16.0,16.07,10,16.18,16.17,16.16,16.15,16.14,16.13,16.12,16.11,16.1,16.08,16.07,16.06,16.05,16.04,16.03,16.01,16.0,15.98,15.97,15.96,10,12700,5000,15200,16500,9900,14500,8900,4000,7300,900,1488,400,1000,5900,38100,12900,16100,1900,5800,7700,243,177312,2854621.84,180888,15.827,378400,16.688,0,1577928827000,SSE,0.0,2,2,1,3,12,9,11,1,3,6,1,2,5,5,7,7,7,4,6,7
104,603933,20200102,09:33:50.000,15.94,16,16.17,16.0,16.07,10,16.18,16.17,16.16,16.15,16.14,16.13,16.12,16.11,16.1,16.08,16.07,16.06,16.05,16.04,16.03,16.01,16.0,15.98,15.97,15.96,10,12700,5000,15200,16500,9900,14500,8900,4000,7300,400,1088,1300,1000,5900,38100,12900,16100,1900,5800,7700,245,178212,2869089.84,181388,15.828,378300,16.689,0,1577928830000,SSE,0.0,2,3,1,3,12,9,11,1,3,6,1,2,5,5,7,7,7,4,6,7
105,603933,20200102,09:33:52.000,15.94,16,16.17,16.0,16.08,10,16.19,16.18,16.17,16.16,16.15,16.14,16.13,16.12,16.11,16.1,16.08,16.07,16.06,16.05,16.04,16.03,16.01,16.0,15.98,15.97,10,10500,12700,5000,15200,16500,9900,14500,8900,4000,7300,10100,1088,1300,1000,5900,38100,12900,16100,1900,5800,246,178612,2875521.84,191488,15.841,382500,16.685,0,1577928832000,SSE,0.0,1,2,3,1,3,12,9,11,1,3,2,5,5,7,7,7,4,6,7,2
106,603933,20200102,09:33:55.000,15.94,16,16.17,16.0,16.08,10,16.18,16.17,16.16,16.15,16.14,16.13,16.12,16.11,16.1,16.09,16.08,16.07,16.06,16.05,16.04,16.03,16.01,16.0,15.98,15.97,10,12700,6000,15200,16500,9900,14500,8900,4000,7300,5200,14500,1988,1300,1000,5900,38100,12900,16100,1900,5800,249,180212,2901249.84,196788,15.847000000000001,390400,16.679000000000002,0,1577928835000,SSE,0.0,3,3,3,1,3,12,9,11,1,3,1,2,5,5,7,7,7,4,7,7
107,603933,20200102,09:33:58.000,15.94,16,16.17,16.0,16.08,10,16.18,16.17,16.16,16.15,16.14,16.13,16.12,16.11,16.1,16.09,16.08,16.07,16.06,16.05,16.04,16.03,16.01,16.0,15.98,15.97,10,12700,6000,15200,14500,9900,13000,8700,4000,7300,5200,16500,1988,1300,1000,5900,10300,12900,16100,1900,5800,249,180212,2901249.84,170988,15.821,387100,16.685,0,1577928838000,SSE,0.0,4,3,3,1,3,11,9,11,1,3,1,2,5,4,6,7,6,4,7,7
108,603933,20200102,09:34:01.000,15.94,16,16.17,16.0,16.08,10,16.17,16.16,16.15,16.14,16.13,16.12,16.11,16.1,16.09,16.08,16.07,16.06,16.05,16.04,16.03,16.01,16.0,15.98,15.97,15.96,10,6000,15200,14500,9900,13000,8700,4000,7300,9400,1700,1988,1300,1000,5900,10300,12900,16100,1900,5800,7700,255,196712,3166569.84,154488,15.793,393000,16.676,0,1577928841000,SSE,0.0,3,3,1,3,11,9,11,1,3,6,2,2,2,5,4,6,7,6,4,7
109,603933,20200102,09:34:04.000,15.94,16,16.17,16.0,16.09,10,16.18,16.17,16.16,16.15,16.14,16.13,16.12,16.11,16.1,16.09,16.07,16.06,16.05,16.04,16.03,16.01,16.0,15.98,15.97,15.96,10,12700,6200,15100,14500,9900,13000,8700,4000,7300,600,1688,1300,1000,5900,10700,12900,16100,1900,5800,7700,264,207512,3340318.84,154588,15.793,385500,16.689,0,1577928844000,SSE,0.0,3,3,1,3,12,9,11,1,3,6,1,2,5,4,6,7,6,3,8,7
110,603933,20200102,09:34:07.000,15.94,16,16.17,16.0,16.09,10,16.18,16.17,16.16,16.15,16.14,16.13,16.12,16.11,16.1,16.09,16.07,16.06,16.05,16.04,16.03,16.01,16.0,15.98,15.97,15.96,10,12700,6200,15100,14500,9900,13000,1900,4000,7400,600,1688,1300,1000,5900,10700,12900,16100,1900,5800,7700,264,207512,3340318.84,154588,15.793,377300,16.701,0,1577928847000,SSE,0.0,3,3,1,3,12,9,11,1,3,6,1,3,5,3,6,7,6,3,8,7
111,603933,20200102,09:34:10.000,15.94,16,16.17,16.0,16.09,10,16.18,16.17,16.16,16.15,16.14,16.13,16.12,16.11,16.1,16.09,16.08,16.07,16.06,16.05,16.04,16.03,16.01,16.0,15.98,15.97,10,12700,6200,15100,14500,9900,13000,1900,4000,7400,4800,27700,1688,1300,1000,5900,9700,12900,16100,1900,5800,264,207512,3340318.84,182488,15.834000000000001,381500,16.694000000000003,0,1577928850000,SSE,0.0,1,3,3,1,3,11,9,11,1,3,2,3,5,3,6,7,6,3,8,7
112,603933,20200102,09:34:13.000,15.94,16,16.17,16.0,16.08,10,16.18,16.17,16.16,16.15,16.14,16.13,16.12,16.11,16.1,16.09,16.08,16.07,16.06,16.05,16.04,16.03,16.01,16.0,15.98,15.97,10,12700,6200,15100,14500,9900,13000,1900,4000,7400,4900,26200,1688,1300,1000,5900,9700,12900,16100,1900,5800,265,209812,3377302.84,180988,15.832,380900,16.695,0,1577928853000,SSE,0.0,2,3,3,1,3,11,9,11,1,3,3,3,5,3,6,7,6,3,8,7
113,603933,20200102,09:34:16.000,15.94,16,16.17,16.0,16.08,10,16.18,16.17,16.16,16.15,16.14,16.13,16.12,16.11,16.1,16.09,16.08,16.07,16.06,16.05,16.04,16.03,16.01,16.0,15.98,15.97,10,12700,6200,15100,14500,9900,13000,2900,4000,7400,4900,24200,2188,1300,1000,5900,9700,12900,16100,1900,5800,266,211812,3409462.84,179488,15.83,383800,16.694000000000003,0,1577928856000,SSE,0.0,2,4,3,1,3,11,9,11,1,3,3,3,5,4,6,7,6,3,8,7
114,603933,20200102,09:34:19.000,15.94,16,16.17,16.0,16.08,10,16.18,16.17,16.16,16.15,16.14,16.13,16.12,16.11,16.1,16.09,16.08,16.07,16.06,16.05,16.04,16.03,16.01,16.0,15.98,15.97,10,12700,6200,15100,14500,11000,13000,2900,4000,7400,6000,5600,2188,1300,1000,5900,9700,12900,16100,1900,5800,270,231812,3731076.84,160888,15.800999999999998,386000,16.691,0,1577928859000,SSE,0.0,2,4,3,1,3,11,9,11,1,3,3,3,5,4,6,8,6,3,8,7
115,603933,20200102,09:34:22.000,15.94,16,16.17,16.0,16.08,10,16.18,16.17,16.16,16.15,16.14,16.13,16.12,16.11,16.1,16.09,16.08,16.07,16.06,16.05,16.04,16.03,16.01,16.0,15.98,15.97,10,12100,6200,15100,14500,11000,13000,2900,4000,7400,5600,5100,2188,400,1000,5900,9700,12900,16100,1900,5800,274,232712,3745552.84,159488,15.799000000000001,385000,16.692,0,1577928862000,SSE,0.0,2,4,2,1,3,11,9,11,1,3,3,3,5,4,6,8,6,3,8,6
116,603933,20200102,09:34:25.000,15.94,16,16.17,16.0,16.08,10,16.18,16.17,16.16,16.15,16.14,16.13,16.12,16.11,16.1,16.09,16.08,16.07,16.06,16.05,16.04,16.03,16.01,16.0,15.98,15.97,10,12100,6200,15100,14500,11000,13000,3900,2000,8400,5600,2900,2188,400,1000,5900,9700,12900,16100,1900,5800,275,234912,3780928.84,157188,15.795,385000,16.692,0,1577928865000,SSE,0.0,2,4,2,1,3,11,9,11,1,3,3,4,4,5,6,8,6,3,8,6
117,603933,20200102,09:34:28.000,15.94,16,16.17,16.0,16.09,10,16.18,16.17,16.16,16.15,16.14,16.13,16.12,16.11,16.1,16.09,16.08,16.07,16.06,16.05,16.04,16.03,16.01,16.0,15.98,15.97,10,12100,6200,15100,14500,11000,13000,3900,2000,8400,5200,2900,2788,400,1000,5900,9700,12900,16100,1900,5800,276,235312,3787364.84,157788,15.796,384600,16.692999999999998,0,1577928868000,SSE,0.0,2,5,2,1,3,11,9,11,1,3,3,4,4,5,6,8,6,3,8,6
118,603933,20200102,09:34:31.000,15.94,16,16.17,16.0,16.08,10,16.18,16.17,16.16,16.15,16.14,16.13,16.12,16.11,16.1,16.09,16.08,16.07,16.06,16.05,16.04,16.03,16.01,16.0,15.98,15.97,10,12100,6200,15100,14500,11000,13000,3900,2000,8400,5200,2000,2788,400,1000,5900,9700,12900,16100,1900,5800,278,236612,3808268.84,156888,15.794,384600,16.692999999999998,0,1577928871000,SSE,0.0,3,5,2,1,3,11,9,11,1,3,3,4,4,5,6,8,6,3,8,6
119,603933,20200102,09:34:34.000,15.94,16,16.17,16.0,16.09,10,16.18,16.17,16.16,16.15,16.14,16.13,16.12,16.11,16.1,16.09,16.08,16.07,16.06,16.05,16.04,16.03,16.01,16.0,15.98,15.97,10,12100,6200,15100,14500,11000,13000,5400,2000,8400,4700,1200,2788,400,1000,5900,9700,12900,16100,1900,5800,280,237912,3829177.84,156088,15.793,385600,16.692,0,1577928874000,SSE,0.0,2,5,2,1,3,11,9,11,1,3,3,4,4,6,6,8,6,3,8,6
120,603933,20200102,09:34:37.000,15.94,16,16.17,16.0,16.09,10,16.18,16.17,16.16,16.15,16.14,16.13,16.12,16.11,16.1,16.09,16.08,16.07,16.06,16.05,16.04,16.03,16.01,16.0,15.98,15.97,10,12100,6200,15100,14500,11000,13000,5400,2000,9400,3400,1200,2788,400,1000,5900,9700,12900,16100,1900,5800,282,239212,3850094.84,156088,15.793,386400,16.692,0,1577928877000,SSE,0.0,2,5,2,1,3,11,9,11,1,3,3,5,4,6,6,8,6,3,8,6
121,603933,20200102,09:34:40.000,15.94,16,16.17,16.0,16.08,10,16.17,16.16,16.15,16.14,16.13,16.12,16.11,16.1,16.09,16.08,16.07,16.06,16.05,16.04,16.03,16.01,16.0,15.98,15.97,15.96,10,6200,15100,14500,11000,13000,5400,2000,9400,3400,600,2788,400,1000,5900,9700,12900,16100,1900,5800,7700,285,240612,3872606.84,154888,15.79,392000,16.69,0,1577928880000,SSE,0.0,5,2,1,3,11,9,11,1,3,6,1,3,5,4,6,6,8,6,3,8
122,603933,20200102,09:34:43.000,15.94,16,16.17,16.0,16.09,10,16.18,16.17,16.16,16.15,16.14,16.13,16.12,16.11,16.1,16.09,16.07,16.06,16.05,16.04,16.03,16.01,16.0,15.98,15.97,15.96,10,12100,6200,15100,14500,11000,13000,6400,2000,9400,3000,2788,400,1200,5900,9700,12900,16100,1900,5800,7700,290,244612,3936960.84,155088,15.790999999999999,392000,16.69,0,1577928883000,SSE,0.0,5,2,2,3,11,9,11,1,3,6,1,5,4,7,6,8,6,3,8,6
123,603933,20200102,09:34:46.000,15.94,16,16.17,16.0,16.07,10,16.17,16.16,16.15,16.14,16.13,16.12,16.11,16.1,16.09,16.07,16.06,16.05,16.04,16.03,16.01,16.0,15.98,15.97,15.96,15.95,10,6200,15100,14500,11000,13000,6400,2000,9400,3400,212,400,1200,5900,9700,12900,16100,1900,5800,7700,4400,296,247400,3981764.0,152300,15.786,393012,16.69,0,1577928886000,SSE,0.0,2,2,3,11,9,11,1,3,6,4,1,2,5,4,7,6,8,6,3,8
124,603933,20200102,09:34:49.000,15.94,16,16.17,16.0,16.07,10,16.17,16.16,16.15,16.14,16.13,16.12,16.11,16.1,16.09,16.07,16.06,16.05,16.04,16.03,16.01,16.0,15.98,15.97,15.96,15.95,10,6200,15100,14500,11000,13000,6400,2000,9300,3400,212,400,1200,5900,9700,12900,16100,1900,5800,7700,4400,296,247400,3981764.0,152300,15.786,394912,16.688,0,1577928889000,SSE,0.0,2,2,3,11,9,11,1,3,6,4,1,2,4,4,7,6,8,6,3,8
125,603933,20200102,09:34:52.000,15.94,16,16.17,16.0,16.07,10,16.16,16.15,16.14,16.13,16.12,16.11,16.1,16.09,16.08,16.07,16.06,16.05,16.04,16.03,16.01,16.0,15.98,15.97,15.96,15.95,10,15100,15500,11000,13000,6400,2000,9300,4500,13400,512,400,1200,5900,9700,12900,16100,1900,5800,7700,4300,296,247400,3981764.0,152200,15.785,410712,16.664,0,1577928892000,SSE,0.0,2,2,3,11,9,11,1,3,6,3,2,1,4,4,4,7,6,8,7,3
126,603933,20200102,09:34:55.000,15.94,16,16.17,16.0,16.06,10,16.15,16.14,16.13,16.12,16.11,16.1,16.09,16.08,16.07,16.06,16.05,16.04,16.03,16.01,16.0,15.98,15.97,15.96,15.95,15.93,10,15500,11000,13000,6400,2000,8300,4500,13400,512,500,1200,5900,9700,12900,16100,1900,5800,7700,4300,1000,298,247800,3988188.0,151800,15.785,410212,16.665,0,1577928895000,SSE,0.0,2,3,11,9,11,1,3,6,3,1,1,2,1,4,3,4,7,6,8,7
127,603933,20200102,09:34:58.000,15.94,16,16.17,16.0,16.06,10,16.15,16.14,16.13,16.12,16.11,16.1,16.09,16.08,16.07,16.06,16.05,16.04,16.03,16.01,16.0,15.98,15.97,15.96,15.95,15.93,10,15500,11000,13000,6400,2000,8300,4500,13400,1512,900,13000,5900,9700,12900,16100,1900,5800,7700,4300,1000,298,247800,3988188.0,163600,15.804,411612,16.663,0,1577928898000,SSE,0.0,3,3,11,9,11,1,3,6,3,1,2,3,1,4,3,4,7,6,8,7
128,603933,20200102,09:35:01.000,15.94,16,16.17,16.0,16.05,10,16.15,16.14,16.13,16.12,16.11,16.1,16.09,16.08,16.07,16.06,16.05,16.04,16.03,16.01,16.0,15.98,15.97,15.96,15.95,15.93,10,15500,11000,13000,6400,2000,1600,4500,13500,1512,900,10000,5900,9700,12900,16100,1900,5800,7700,4300,1000,301,250800,4036338.0,160600,15.799000000000001,405212,16.672,0,1577928901000,SSE,0.0,1,3,11,9,11,1,3,6,3,1,2,3,2,4,2,4,7,6,8,7
129,603933,20200102,09:35:04.000,15.94,16,16.17,16.0,16.05,10,16.15,16.14,16.13,16.12,16.11,16.1,16.09,16.08,16.07,16.06,16.05,16.04,16.03,16.01,16.0,15.98,15.97,15.96,15.95,15.93,10,15500,11000,13000,6400,2000,3600,4500,13500,1612,900,9000,5900,9400,12900,16100,1900,5800,7700,4300,1000,303,252500,4063623.0,159300,15.797,407812,16.669,0,1577928904000,SSE,0.0,2,3,10,9,11,1,3,6,3,1,2,4,2,4,3,4,7,6,8,7
130,603933,20200102,09:35:07.000,15.94,16,16.17,16.0,16.05,10,16.14,16.13,16.12,16.11,16.1,16.09,16.08,16.07,16.06,16.05,16.04,16.03,16.01,16.0,15.98,15.97,15.96,15.95,15.93,15.92,10,11000,13000,6400,2000,3600,4000,13500,1612,1900,900,4100,9400,12900,16100,1900,5800,7700,4300,1000,1000,305,261500,4208073.0,148500,15.779000000000002,409212,16.666,0,1577928907000,SSE,0.0,2,10,9,11,1,3,6,3,1,1,1,3,4,2,3,3,4,7,6,8
131,603933,20200102,09:35:10.000,15.94,16,16.17,16.0,16.04,10,16.14,16.13,16.12,16.11,16.1,16.09,16.08,16.07,16.06,16.05,16.04,16.03,16.01,16.0,15.98,15.97,15.96,15.95,15.93,15.92,10,11000,13000,6400,2000,3600,4000,13500,1612,1900,900,3700,9400,12900,16100,1900,5800,7700,4300,1000,1000,306,261900,4214489.0,148100,15.777999999999999,409212,16.666,0,1577928910000,SSE,0.0,2,10,9,11,1,3,6,3,1,1,1,3,4,2,3,3,4,7,6,8
132,603933,20200102,09:35:13.000,15.94,16,16.17,16.0,16.04,10,16.14,16.13,16.12,16.11,16.1,16.09,16.08,16.07,16.06,16.05,16.04,16.03,16.01,16.0,15.98,15.97,15.96,15.95,15.93,15.92,10,11000,13000,6400,1700,3600,4000,13500,1612,1900,900,3700,9400,12900,16100,1900,5800,7700,4300,1000,1000,306,261900,4214489.0,148100,15.777999999999999,409312,16.667,0,1577928913000,SSE,0.0,2,10,9,11,1,3,6,3,1,1,1,3,4,2,3,3,3,7,6,8
133,603933,20200102,09:35:16.000,15.94,16,16.17,16.0,16.04,10,16.13,16.12,16.11,16.1,16.09,16.08,16.07,16.06,16.05,16.04,16.03,16.01,16.0,15.98,15.97,15.96,15.95,15.93,15.9,15.89,10,13000,6400,1700,3600,4000,13500,1312,1900,900,3000,9400,12900,16100,1900,5800,7700,4300,1000,5100,300,308,265600,4273837.0,143400,15.770999999999999,415712,16.666,0,1577928916000,SSE,0.0,10,9,11,1,3,6,3,1,7,1,1,1,3,3,2,3,3,3,7,6
134,603933,20200102,09:35:19.000,15.94,16,16.17,16.0,16.04,10,16.13,16.12,16.11,16.1,16.09,16.08,16.07,16.06,16.05,16.04,16.03,16.01,16.0,15.98,15.97,15.96,15.95,15.93,15.9,15.89,10,13000,6400,1700,3600,4000,13500,1312,1900,1900,2100,9100,12900,16100,1900,5800,7700,4300,1000,5100,300,310,266800,4293082.0,143100,15.77,417812,16.665,0,1577928919000,SSE,0.0,10,9,11,1,3,6,3,1,7,1,1,2,3,3,2,3,3,3,7,6
135,603933,20200102,09:35:22.000,15.94,16,16.17,16.0,16.04,10,16.13,16.12,16.11,16.1,16.09,16.08,16.07,16.06,16.05,16.04,16.03,16.01,16.0,15.98,15.97,15.96,15.95,15.93,15.9,15.89,10,13000,6400,1700,3600,4000,13500,1312,1900,1900,2100,9100,12900,16100,1900,5800,7700,4300,1000,5100,300,310,266800,4293082.0,143100,15.77,417812,16.665,0,1577928922000,SSE,0.0,10,9,11,1,3,6,3,1,7,1,1,2,3,3,2,3,3,3,7,6
136,603933,20200102,09:35:23.000,15.94,16,16.17,16.0,16.03,10,16.13,16.12,16.11,16.1,16.09,16.08,16.07,16.06,16.05,16.04,16.03,16.01,16.0,15.98,15.97,15.96,15.95,15.93,15.9,15.89,10,13000,6400,1700,3600,4000,13500,1312,1900,1900,2100,8800,12900,16100,1900,5800,7700,4300,1000,5100,300,311,267100,4297891.0,142800,15.769,417812,16.665,0,1577928923000,SSE,0.0,10,9,11,1,3,6,3,1,7,1,1,2,3,3,2,3,3,3,7,6
137,603933,20200102,09:35:26.000,15.94,16,16.17,16.0,16.04,10,16.13,16.12,16.11,16.1,16.09,16.08,16.07,16.06,16.05,16.04,16.03,16.01,16.0,15.98,15.97,15.96,15.95,15.93,15.9,15.89,10,13000,6400,1700,3600,4000,13500,1312,1900,1900,1600,7500,10900,16100,1900,5800,7700,4300,1000,5100,300,316,269600,4337978.0,139700,15.763,417312,16.666,0,1577928926000,SSE,0.0,10,8,11,1,3,6,3,1,7,1,3,2,3,3,2,3,3,3,7,6
138,603933,20200102,09:35:29.000,15.94,16,16.17,16.0,16.04,10,16.13,16.12,16.11,16.1,16.09,16.08,16.07,16.06,16.05,16.04,16.03,16.01,16.0,15.98,15.97,15.96,15.95,15.93,15.9,15.89,10,13000,6400,1700,3600,4000,13500,1212,1900,900,1000,6700,11000,15600,1900,5800,7700,4300,1000,5100,300,320,271000,4360426.0,138500,15.761,415112,16.67,0,1577928929000,SSE,0.0,8,9,10,1,3,6,3,1,7,1,3,1,3,2,2,3,3,3,7,6
139,603933,20200102,09:35:32.000,15.94,16,16.17,16.0,16.04,10,16.13,16.12,16.11,16.1,16.09,16.08,16.07,16.06,16.05,16.04,16.03,16.01,16.0,15.98,15.97,15.96,15.95,15.93,15.9,15.89,10,13000,6400,1700,3600,4000,13500,1212,1900,900,1000,7100,11300,16800,1900,5800,7700,4300,1000,4900,300,320,271000,4360426.0,140200,15.764000000000001,415112,16.67,0,1577928932000,SSE,0.0,9,10,11,1,3,6,3,1,6,1,3,1,3,2,2,3,3,3,7,6
140,603933,20200102,09:35:35.000,15.94,16,16.17,16.0,16.03,10,16.13,16.12,16.11,16.1,16.09,16.08,16.07,16.06,16.05,16.04,16.03,16.01,16.0,15.98,15.97,15.96,15.95,15.93,15.9,15.89,10,13000,6400,1700,3600,4000,13500,1212,1900,900,1000,6600,11300,16800,1900,5800,7700,4300,1000,4900,300,325,273300,4397295.0,139700,15.763,415112,16.67,0,1577928935000,SSE,0.0,8,10,11,1,3,6,3,1,6,1,3,1,3,2,2,3,3,3,7,6
141,603933,20200102,09:35:37.000,15.94,16,16.17,16.0,16.04,10,16.14,16.13,16.12,16.11,16.1,16.09,16.08,16.07,16.06,16.04,16.03,16.01,16.0,15.98,15.97,15.96,15.95,15.93,15.9,15.89,10,11000,13000,6400,1700,3600,4000,13500,1212,1900,400,6600,11300,16800,1900,5800,7700,4300,1000,4900,300,327,273900,4406919.0,139700,15.763,413612,16.673,0,1577928937000,SSE,0.0,8,10,11,1,3,6,3,1,6,1,2,3,2,2,3,3,3,7,6,8
142,603933,20200102,09:35:40.000,15.94,16,16.17,16.0,16.04,10,16.14,16.13,16.12,16.11,16.1,16.09,16.08,16.07,16.06,16.04,16.03,16.01,16.0,15.98,15.97,15.96,15.95,15.93,15.9,15.89,10,11000,13000,6400,1700,3600,1000,13500,1212,1900,1000,6600,11300,16800,1900,5800,7700,4300,1000,4900,300,327,273900,4406919.0,139700,15.763,411712,16.675,0,1577928940000,SSE,0.0,8,10,11,1,3,6,3,1,6,1,3,3,2,2,2,3,3,7,6,8
143,603933,20200102,09:35:43.000,15.94,16,16.17,16.0,16.04,10,16.14,16.13,16.12,16.11,16.1,16.09,16.08,16.07,16.06,16.04,16.03,16.01,16.0,15.98,15.97,15.96,15.95,15.93,15.9,15.89,10,11000,13000,6400,1700,3600,1000,13500,1212,1900,1000,6700,11300,10800,1900,5800,7700,4300,1000,4900,300,327,273900,4406919.0,133800,15.753,411712,16.675,0,1577928943000,SSE,0.0,8,10,10,1,3,6,3,1,6,1,3,3,2,2,2,3,3,7,6,8
144,603933,20200102,09:35:46.000,15.94,16,16.17,16.0,16.03,10,16.14,16.13,16.12,16.11,16.1,16.09,16.08,16.07,16.06,16.04,16.03,16.01,16.0,15.98,15.97,15.96,15.95,15.93,15.9,15.89,10,11000,13000,6400,1700,3600,1000,13500,1212,900,1000,1700,11000,10800,1900,5800,7700,4300,1000,4900,300,334,278900,4487069.0,128500,15.742,410112,16.678,0,1577928946000,SSE,0.0,2,9,10,1,3,6,3,1,6,1,3,2,2,2,2,3,3,7,6,8
145,603933,20200102,09:35:49.000,15.94,16,16.17,16.0,16.03,10,16.13,16.12,16.11,16.1,16.09,16.08,16.07,16.06,16.05,16.04,16.03,16.01,16.0,15.98,15.97,15.96,15.95,15.93,15.9,15.89,10,13000,6400,1700,3600,1000,13500,1212,1900,500,1600,1700,11000,11000,1900,5800,7700,4300,1000,4900,300,334,278900,4487069.0,128700,15.742,414412,16.676,0,1577928949000,SSE,0.0,2,9,11,1,3,6,3,1,6,1,4,1,3,2,2,2,3,3,7,6
146,603933,20200102,09:35:52.000,15.94,16,16.17,16.0,16.03,10,16.13,16.12,16.11,16.1,16.09,16.08,16.07,16.06,16.05,16.04,16.03,16.01,16.0,15.98,15.97,15.96,15.95,15.93,15.9,15.89,10,13000,6400,1700,3600,600,13500,2212,1900,500,1600,1200,11000,11000,1900,5800,7700,4300,1000,4900,300,335,279400,4495084.0,128200,15.741,415012,16.675,0,1577928952000,SSE,0.0,2,9,11,1,3,6,3,1,6,1,4,1,3,3,2,1,3,3,7,6
147,603933,20200102,09:35:55.000,15.94,16,16.17,16.0,16.03,10,16.13,16.12,16.11,16.1,16.09,16.08,16.07,16.06,16.05,16.04,16.03,16.01,16.0,15.98,15.97,15.96,15.95,15.93,15.9,15.89,10,13000,6400,1700,3600,600,13500,3412,1900,500,1600,1200,11000,11000,1900,5800,7700,4300,1000,4900,300,335,279400,4495084.0,128200,15.741,416212,16.673,0,1577928955000,SSE,0.0,2,9,11,1,3,6,3,1,6,1,4,1,3,4,2,1,3,3,7,6
148,603933,20200102,09:35:58.000,15.94,16,16.17,16.0,16.03,10,16.13,16.12,16.11,16.1,16.09,16.08,16.07,16.06,16.05,16.04,16.03,16.01,16.0,15.98,15.97,15.96,15.95,15.93,15.9,15.89,10,13000,5400,1700,3600,600,13500,3412,1900,500,2600,1200,11000,14000,1900,5800,7700,4300,1000,4900,300,335,279400,4495084.0,131200,15.747,416212,16.673,0,1577928958000,SSE,0.0,2,9,12,1,3,6,3,1,6,1,5,1,3,4,2,1,3,3,6,6
149,603933,20200102,09:36:01.000,15.94,16,16.17,16.0,16.03,10,16.13,16.12,16.11,16.1,16.09,16.08,16.07,16.06,16.05,16.04,16.03,16.01,16.0,15.98,15.97,15.96,15.95,15.93,15.9,15.89,10,13000,5400,1700,3600,600,13500,3412,1900,500,2600,300,11000,14000,1900,5800,7700,4300,1000,4900,300,337,280300,4509511.0,130300,15.745,417512,16.675,0,1577928961000,SSE,0.0,1,9,12,1,3,6,3,1,6,1,5,1,3,4,2,1,3,3,6,6
150,603933,20200102,09:36:04.000,15.94,16,16.17,16.0,16.03,10,16.12,16.11,16.1,16.09,16.08,16.07,16.06,16.05,16.04,16.03,16.01,16.0,15.98,15.97,15.96,15.95,15.93,15.9,15.89,15.88,10,5400,1700,3600,600,13500,3412,1900,500,2000,4000,11400,14000,1900,5800,7700,4300,1000,4900,300,3800,339,280900,4519129.0,130400,15.745,421912,16.668,0,1577928964000,SSE,0.0,10,12,1,3,6,3,1,6,1,7,3,4,1,3,4,2,1,3,3,6
151,603933,20200102,09:36:07.000,15.94,16,16.17,16.0,16.01,10,16.12,16.11,16.1,16.09,16.08,16.07,16.06,16.05,16.04,16.03,16.01,16.0,15.98,15.97,15.96,15.95,15.93,15.9,15.89,15.88,10,5400,1700,3600,600,13500,3812,1900,500,2000,5000,11200,14000,1900,5800,7700,4800,1000,4900,300,3800,340,281100,4522331.0,130700,15.745,423312,16.666,0,1577928967000,SSE,0.0,10,12,1,3,6,4,1,6,1,7,4,4,1,3,5,2,1,3,3,6
152,603933,20200102,09:36:10.000,15.94,16,16.17,16.0,16.0,10,16.11,16.1,16.09,16.08,16.07,16.06,16.05,16.04,16.03,16.0,15.98,15.97,15.96,15.95,15.93,15.9,15.89,15.88,15.87,15.86,10,1700,3600,600,13500,4812,1900,500,2000,5600,6200,1900,5800,7700,4800,1000,4900,300,3800,700,600,362,306300,4925643.0,105500,15.683,431112,16.654,0,1577928970000,SSE,0.0,1,3,6,4,1,6,1,7,1,2,1,5,4,1,3,6,2,1,3,3
153,603933,20200102,09:36:13.000,15.94,16,16.17,15.98,15.98,10,16.11,16.1,16.09,16.08,16.07,16.06,16.05,16.04,16.03,16.0,15.97,15.96,15.95,15.93,15.9,15.89,15.88,15.87,15.86,15.85,10,1700,3600,600,13500,4812,1900,500,2000,5600,6400,5800,7700,4800,1000,4900,300,3800,700,600,2000,363,308200,4956005.0,103600,15.677999999999999,431312,16.654,0,1577928973000,SSE,0.0,3,6,4,1,6,1,7,1,2,1,2,5,4,1,3,6,2,1,3,3
154,603933,20200102,09:36:16.000,15.94,16,16.17,15.97,15.97,10,16.11,16.1,16.09,16.08,16.07,16.06,16.05,16.04,16.03,16.0,15.96,15.95,15.93,15.9,15.89,15.88,15.87,15.86,15.85,15.83,10,1700,3600,600,13500,4812,1900,500,2000,4000,6600,7700,4800,1000,4900,300,3800,700,600,2000,200,366,314000,5048631.0,97800,15.661,429912,16.656,0,1577928976000,SSE,0.0,6,4,1,6,1,7,1,2,1,1,3,3,4,1,3,6,2,1,3,3
155,603933,20200102,09:36:19.000,15.94,16,16.17,15.96,15.96,10,16.11,16.1,16.09,16.08,16.07,16.06,16.05,16.04,16.03,16.0,15.96,15.95,15.93,15.9,15.89,15.88,15.87,15.86,15.85,15.83,10,1700,3600,600,13500,4812,1900,500,2000,2400,6600,3000,4800,1000,4900,300,9800,700,600,2000,200,373,318700,5123643.0,99100,15.66,428512,16.658,0,1577928979000,SSE,0.0,1,4,1,6,1,8,1,2,1,1,3,2,4,1,3,6,2,1,3,3
156,603933,20200102,09:36:22.000,15.94,16,16.17,15.96,15.96,10,16.11,16.1,16.09,16.08,16.07,16.06,16.05,16.04,16.03,16.0,15.96,15.95,15.93,15.9,15.89,15.88,15.87,15.86,15.85,15.83,10,1700,3600,600,13500,4812,1900,500,2000,400,9600,2400,4800,1000,4900,300,9800,700,600,2000,200,374,319300,5133219.0,98500,15.658,429512,16.657,0,1577928982000,SSE,0.0,1,4,1,6,1,8,1,2,1,1,4,1,4,1,3,6,2,1,3,3
157,603933,20200102,09:36:25.000,15.94,16,16.17,15.96,15.96,10,16.1,16.09,16.08,16.07,16.06,16.05,16.04,16.03,16.0,15.97,15.96,15.95,15.93,15.9,15.89,15.88,15.87,15.86,15.85,15.83,10,3600,600,13500,4812,1900,500,2000,400,9600,200,2400,4800,1000,4900,300,9800,700,600,2000,200,374,319300,5133219.0,98500,15.658,430712,16.658,0,1577928985000,SSE,0.0,1,4,1,6,1,8,1,2,1,1,1,4,1,4,1,3,6,2,1,3
158,603933,20200102,09:36:28.000,15.94,16,16.17,15.96,15.96,10,16.1,16.09,16.08,16.07,16.06,16.05,16.04,16.03,16.0,15.97,15.96,15.95,15.93,15.9,15.89,15.88,15.87,15.86,15.85,15.83,10,3600,600,13500,4812,1900,500,1400,400,9200,200,1800,4800,1000,4900,600,9800,700,600,2000,200,375,319900,5142795.0,98200,15.657,429712,16.66,0,1577928988000,SSE,0.0,1,4,1,6,2,8,1,2,1,1,1,2,1,3,1,3,6,2,1,3
159,603933,20200102,09:36:31.000,15.94,16,16.17,15.96,15.96,10,16.09,16.08,16.07,16.06,16.05,16.04,16.03,16.0,15.97,15.96,15.95,15.93,15.9,15.89,15.88,15.87,15.86,15.85,15.83,15.8,10,600,13500,4812,1900,500,1400,400,9200,100,200,4800,1000,4900,300,9800,700,600,2000,200,2200,377,321800,5173120.0,96100,15.65,429812,16.66,0,1577928991000,SSE,0.0,4,1,6,1,8,1,2,1,1,2,1,1,2,1,3,1,3,6,2,1
160,603933,20200102,09:36:34.000,15.94,16,16.17,15.96,15.97,10,16.11,16.1,16.09,16.08,16.07,16.06,16.05,16.04,16.03,16.0,15.97,15.96,15.95,15.93,15.9,15.89,15.88,15.87,15.86,15.85,10,1700,4100,600,13500,4812,1900,500,1400,400,9200,600,100,3800,1000,4900,300,9800,700,600,2000,380,322100,5177909.0,95800,15.65,429512,16.66,0,1577928994000,SSE,0.0,1,1,3,1,6,1,8,1,2,1,2,1,3,1,3,6,2,1,4,3
161,603933,20200102,09:36:37.000,15.94,16,16.17,15.96,15.97,10,16.11,16.1,16.09,16.08,16.07,16.06,16.05,16.04,16.03,16.0,15.97,15.96,15.95,15.93,15.9,15.89,15.88,15.87,15.86,15.85,10,1700,4100,600,13500,4812,1900,500,1400,600,9400,3600,1000,5800,1000,4900,300,9800,700,600,2000,380,322100,5177909.0,101700,15.668,429912,16.66,0,1577928997000,SSE,0.0,2,1,4,1,6,1,8,1,2,1,3,2,3,1,3,6,2,1,4,3
162,603933,20200102,09:36:40.000,15.94,16,16.17,15.96,15.97,10,16.11,16.1,16.09,16.08,16.07,16.06,16.05,16.04,16.03,16.0,15.97,15.96,15.95,15.94,15.93,15.9,15.89,15.88,15.87,15.86,10,1700,4100,600,13500,4812,1900,500,1400,600,9400,4500,1000,9000,400,1000,4900,300,9800,700,600,380,322100,5177909.0,106200,15.68,432112,16.657,0,1577929000000,SSE,0.0,3,1,5,1,1,6,1,8,1,2,3,2,3,1,3,6,2,1,4,3
163,603933,20200102,09:36:43.000,15.94,16,16.17,15.96,15.96,10,16.1,16.09,16.08,16.07,16.06,16.05,16.04,16.03,16.0,15.96,15.95,15.94,15.93,15.9,15.89,15.88,15.87,15.86,15.85,15.83,10,4100,600,13500,4812,900,500,1400,600,9400,5400,9000,400,1000,4900,300,9800,700,600,2000,200,385,331700,5331252.0,100700,15.664000000000001,436512,16.65,0,1577929003000,SSE,0.0,5,1,1,6,1,8,1,2,1,1,1,3,2,3,1,2,6,2,1,4
164,603933,20200102,09:36:46.000,15.94,16,16.17,15.96,15.96,10,16.1,16.09,16.08,16.07,16.06,16.05,16.04,16.03,16.0,15.96,15.95,15.94,15.93,15.9,15.89,15.88,15.87,15.86,15.85,15.83,10,4100,600,13500,4812,900,500,1400,600,9400,3000,9000,400,1000,4900,300,9800,700,600,2000,200,389,334100,5369556.0,100700,15.664000000000001,434212,16.654,0,1577929006000,SSE,0.0,5,1,1,6,1,8,1,2,1,1,1,3,2,3,1,2,6,2,1,4
165,603933,20200102,09:36:49.000,15.94,16,16.17,15.96,15.96,10,16.09,16.08,16.07,16.06,16.05,16.04,16.03,16.0,15.99,15.96,15.95,15.94,15.93,15.9,15.89,15.88,15.87,15.86,15.85,15.83,10,600,13500,4812,900,500,1400,600,9400,500,4500,9000,400,1000,6100,300,9800,700,600,2000,200,394,337600,5425416.0,101900,15.667,436212,16.651,0,1577929009000,SSE,0.0,5,1,1,7,1,8,1,2,1,1,1,1,3,2,3,1,2,6,2,1
166,603933,20200102,09:36:52.000,15.94,16,16.17,15.95,15.96,10,16.09,16.08,16.07,16.06,16.05,16.04,16.03,16.0,15.99,15.96,15.95,15.94,15.93,15.9,15.89,15.88,15.87,15.86,15.85,15.83,10,600,13500,4812,900,500,1400,600,9400,500,1100,6900,3100,1000,6100,300,9800,700,600,2000,200,400,343500,5519557.0,105000,15.668,433212,16.657,0,1577929012000,SSE,0.0,5,2,1,7,1,8,1,2,1,1,3,1,3,2,3,1,2,6,2,1
167,603933,20200102,09:36:55.000,15.94,16,16.17,15.95,15.99,10,16.1,16.09,16.08,16.07,16.06,16.05,16.04,16.03,16.0,15.99,15.95,15.94,15.93,15.9,15.89,15.88,15.87,15.86,15.85,15.83,10,4100,600,13500,4812,900,500,1400,600,9400,200,5600,3100,1000,6100,300,9800,700,600,2000,200,410,346400,5565837.0,103700,15.664000000000001,431812,16.659000000000002,0,1577929015000,SSE,0.0,4,2,1,7,1,8,1,2,1,1,1,3,2,3,1,2,6,2,1,4
168,603933,20200102,09:36:58.000,15.94,16,16.17,15.95,15.99,10,16.1,16.09,16.08,16.07,16.06,16.05,16.04,16.03,16.0,15.99,15.96,15.95,15.94,15.93,15.9,15.89,15.88,15.87,15.86,15.85,10,4100,600,13500,4812,900,500,1400,600,9400,200,1200,5700,3100,1000,6100,300,9800,700,600,2000,410,346400,5565837.0,105000,15.668,431812,16.659000000000002,0,1577929018000,SSE,0.0,2,5,2,1,7,1,8,1,2,1,1,3,2,3,1,2,6,2,1,4
169,603933,20200102,09:37:01.000,15.94,16,16.17,15.95,15.96,10,16.11,16.1,16.09,16.08,16.07,16.06,16.05,16.04,16.03,16.0,15.96,15.95,15.94,15.93,15.9,15.89,15.88,15.87,15.86,15.85,10,1700,4100,600,13500,4812,900,500,1400,600,9400,600,5700,3100,1000,6600,2100,9800,700,600,2000,413,347600,5585007.0,106700,15.671,431612,16.66,0,1577929021000,SSE,0.0,2,5,2,1,8,2,8,1,2,1,3,2,3,1,2,6,2,1,4,3
170,603933,20200102,09:37:04.000,15.94,16,16.17,15.95,15.99,10,16.1,16.09,16.08,16.07,16.06,16.05,16.04,16.03,16.0,15.99,15.97,15.96,15.95,15.94,15.93,15.9,15.89,15.88,15.87,15.86,10,4100,600,13500,4812,900,500,1400,600,9400,2500,600,3600,5700,3100,1000,7600,2100,9800,700,600,414,348100,5593002.0,111300,15.682,434112,16.656,0,1577929024000,SSE,0.0,1,3,5,2,1,9,2,8,1,2,1,3,2,3,1,2,6,2,1,4
171,603933,20200102,09:37:07.000,15.94,16,16.17,15.95,15.99,10,16.1,16.09,16.08,16.07,16.06,16.05,16.04,16.03,16.0,15.99,15.97,15.96,15.95,15.94,15.93,15.9,15.89,15.88,15.87,15.86,10,4100,600,13500,4812,900,500,1400,600,9400,3900,200,3900,5700,3100,1000,7600,2100,9800,700,600,416,348300,5596198.0,111200,15.682,435612,16.654,0,1577929027000,SSE,0.0,1,4,5,2,1,9,2,8,1,2,2,3,2,3,1,2,6,2,1,4
172,603933,20200102,09:37:10.000,15.94,16,16.17,15.95,15.96,10,16.1,16.09,16.08,16.07,16.06,16.05,16.04,16.03,16.0,15.99,15.96,15.95,15.94,15.93,15.9,15.89,15.88,15.87,15.86,15.85,10,4100,600,13500,4812,900,500,1400,600,9400,3900,5900,5700,3100,1200,9400,2100,10800,700,600,2000,421,349600,5616948.0,116000,15.692,435612,16.654,0,1577929030000,SSE,0.0,4,5,2,2,10,2,9,1,2,1,2,3,2,3,1,2,6,2,1,4
173,603933,20200102,09:37:14.000,15.94,16,16.17,15.95,15.96,10,16.1,16.09,16.08,16.07,16.06,16.05,16.04,16.03,16.0,15.99,15.96,15.95,15.94,15.93,15.9,15.89,15.88,15.87,15.86,15.85,10,4100,600,13500,4812,900,500,1400,600,9400,2400,7900,5700,3100,1200,9400,2100,10800,700,600,2000,421,349600,5616948.0,118000,15.696,430212,16.66,0,1577929034000,SSE,0.0,5,5,2,2,10,2,9,1,2,1,1,3,2,3,1,2,6,2,1,4
174,603933,20200102,09:37:17.000,15.94,16,16.17,15.95,15.99,10,16.1,16.09,16.08,16.07,16.06,16.05,16.04,16.03,16.0,15.99,15.96,15.95,15.94,15.93,15.91,15.9,15.89,15.88,15.87,15.86,10,4100,600,13500,4812,900,500,1400,600,9400,400,8500,5700,3100,1200,300,9400,2100,10800,700,600,422,351600,5648928.0,118900,15.698,428212,16.663,0,1577929037000,SSE,0.0,6,5,2,2,1,10,2,9,1,2,1,3,2,3,1,2,6,2,1,4
175,603933,20200102,09:37:19.000,15.94,16,16.17,15.95,15.99,10,16.11,16.1,16.09,16.08,16.07,16.06,16.05,16.04,16.03,16.0,15.99,15.96,15.95,15.94,15.93,15.91,15.9,15.89,15.88,15.87,10,700,4100,600,13500,4812,900,500,1400,600,9400,1600,8500,6200,3100,1200,300,9400,2100,10800,700,423,352000,5655324.0,121000,15.703,427812,16.663,0,1577929039000,SSE,0.0,1,6,6,2,2,1,10,2,9,1,3,2,3,1,2,6,2,1,4,2
176,603933,20200102,09:37:22.000,15.94,16,16.17,15.95,15.99,10,16.1,16.09,16.08,16.07,16.06,16.05,16.04,16.03,16.0,15.99,15.97,15.96,15.95,15.94,15.93,15.91,15.9,15.89,15.88,15.87,10,4100,600,13500,4812,900,500,1400,600,6200,4100,1000,8500,6200,3100,1200,300,9400,2100,10800,700,424,353600,5680908.0,120900,15.7,428712,16.662,0,1577929042000,SSE,0.0,1,6,6,2,2,1,10,2,9,1,1,1,2,3,1,2,6,2,1,4
177,603933,20200102,09:37:25.000,15.94,16,16.17,15.95,15.99,10,16.1,16.09,16.08,16.07,16.06,16.05,16.04,16.03,16.0,15.99,15.97,15.96,15.95,15.94,15.93,15.91,15.9,15.89,15.88,15.87,10,4100,600,13500,4812,900,500,1400,600,6200,1900,4000,8500,4200,3100,1200,300,9400,2100,10800,700,427,355800,5716086.0,122400,15.700999999999999,429712,16.668,0,1577929045000,SSE,0.0,3,6,5,2,2,1,10,2,9,1,1,1,2,3,1,2,6,2,1,4
178,603933,20200102,09:37:28.000,15.94,16,16.17,15.95,15.99,10,16.11,16.1,16.09,16.08,16.07,16.06,16.05,16.04,16.03,16.0,15.99,15.97,15.96,15.95,15.94,15.93,15.91,15.9,15.89,15.88,10,700,4100,600,13500,4812,900,500,1400,600,6200,100,4000,8500,4200,3100,1200,300,9400,2100,10800,434,358900,5765655.0,122500,15.700999999999999,428812,16.67,0,1577929048000,SSE,0.0,1,3,6,5,2,2,1,10,2,9,1,2,3,1,2,6,2,1,4,2
179,603933,20200102,09:37:31.000,15.94,16,16.17,15.95,15.99,10,16.11,16.1,16.09,16.08,16.07,16.06,16.05,16.04,16.03,16.0,15.99,15.97,15.96,15.95,15.94,15.93,15.91,15.9,15.89,15.88,10,700,4100,600,13500,4812,900,500,1400,600,6200,1000,4000,8500,4200,3100,1200,300,9400,2100,10800,434,358900,5765655.0,123400,15.704,427612,16.672,0,1577929051000,SSE,0.0,2,3,6,5,2,2,1,10,2,9,1,2,3,1,2,6,2,1,4,2
180,603933,20200102,09:37:34.000,15.94,16,16.17,15.95,15.99,10,16.11,16.1,16.09,16.08,16.07,16.06,16.05,16.04,16.03,16.0,15.99,15.97,15.96,15.95,15.94,15.93,15.91,15.9,15.89,15.88,10,700,4100,600,13500,4812,900,500,1400,600,6200,900,4400,8500,4200,3100,1200,300,9400,2100,10800,435,359000,5767254.0,123700,15.704,430612,16.668,0,1577929054000,SSE,0.0,1,4,6,5,2,2,1,10,2,9,1,2,3,1,2,6,2,1,4,2
181,603933,20200102,09:37:38.000,15.94,16,16.17,15.95,15.99,10,16.11,16.1,16.09,16.08,16.07,16.06,16.05,16.04,16.03,16.0,15.99,15.97,15.96,15.95,15.94,15.93,15.91,15.9,15.89,15.88,10,700,4100,600,13500,4812,900,500,1400,600,6200,900,3400,8500,4200,3100,1200,300,9400,2100,10800,435,359000,5767254.0,122700,15.702,430612,16.668,0,1577929058000,SSE,0.0,1,3,6,5,2,2,1,10,2,9,1,2,3,1,2,6,2,1,4,2
182,603933,20200102,09:37:41.000,15.94,16,16.17,15.95,15.99,10,16.1,16.09,16.08,16.07,16.06,16.05,16.04,16.03,16.0,15.98,15.97,15.96,15.95,15.94,15.93,15.91,15.9,15.89,15.88,15.87,10,4100,600,13500,4812,900,500,1400,600,6100,600,3400,6400,4200,3100,1200,300,9400,2100,10800,700,437,360000,5783245.0,119700,15.695,431112,16.668,0,1577929061000,SSE,0.0,3,5,5,2,2,1,10,2,9,1,1,1,2,3,1,2,6,2,1,4
183,603933,20200102,09:37:44.000,15.94,16,16.17,15.95,15.98,10,16.11,16.1,16.09,16.08,16.07,16.06,16.05,16.04,16.03,16.0,15.99,15.97,15.96,15.95,15.94,15.93,15.91,15.9,15.89,15.88,10,700,4100,600,13500,4812,900,500,1400,600,6100,400,200,6400,4200,3100,1200,300,9400,2100,10800,441,363800,5843937.0,116900,15.689,432912,16.672,0,1577929064000,SSE,0.0,1,1,5,5,2,2,1,10,2,9,1,2,3,1,2,6,2,1,4,2
184,603933,20200102,09:37:47.000,15.94,16,16.17,15.95,16.0,10,16.11,16.1,16.09,16.08,16.07,16.06,16.05,16.04,16.03,16.0,15.96,15.95,15.94,15.93,15.91,15.9,15.89,15.88,15.87,15.86,10,700,4100,600,13500,4812,900,500,1400,400,5600,8600,4200,3100,1200,300,9400,2100,10800,700,1900,446,366300,5883913.0,119800,15.694,432212,16.673,0,1577929067000,SSE,0.0,7,5,2,2,1,10,2,9,1,3,1,1,3,1,2,6,2,1,4,2
185,603933,20200102,09:37:50.000,15.94,16,16.17,15.95,16.0,10,16.11,16.1,16.09,16.08,16.07,16.06,16.05,16.04,16.03,16.0,15.98,15.97,15.96,15.95,15.94,15.93,15.91,15.9,15.89,15.88,10,700,4100,600,13500,4812,900,500,1400,400,5200,3000,400,8600,4200,3100,1200,300,9400,2100,10800,447,367200,5898313.0,123200,15.702,431812,16.673,0,1577929070000,SSE,0.0,3,1,7,5,2,2,1,10,2,9,4,1,3,1,2,6,2,1,4,2
186,603933,20200102,09:37:53.000,15.94,16,16.17,15.95,16.0,10,16.11,16.1,16.09,16.08,16.07,16.06,16.05,16.04,16.03,16.0,15.99,15.98,15.97,15.96,15.95,15.94,15.93,15.91,15.9,15.89,10,700,4100,600,13500,4812,900,500,1400,400,2200,1000,3000,400,8600,4200,3100,1200,300,7600,2100,450,372200,5978313.0,122400,15.700999999999999,428812,16.678,0,1577929073000,SSE,0.0,1,3,1,7,5,2,2,1,9,2,2,1,3,1,2,6,2,1,4,2
187,603933,20200102,09:37:56.000,15.94,16,16.17,15.95,15.98,10,16.11,16.1,16.09,16.08,16.07,16.06,16.05,16.04,16.03,16.0,15.98,15.97,15.96,15.95,15.94,15.93,15.91,15.9,15.89,15.88,10,700,4100,600,13500,3812,900,500,1400,400,700,1400,400,8600,4200,3100,1200,300,7600,2100,10800,456,376300,6043871.0,119800,15.695,427412,16.683,0,1577929076000,SSE,0.0,2,1,7,5,2,2,1,9,2,9,1,1,3,1,2,5,2,1,4,2
188,603933,20200102,09:37:59.000,15.94,16,16.17,15.95,15.98,10,16.11,16.1,16.09,16.08,16.07,16.06,16.05,16.04,16.03,16.0,15.98,15.97,15.96,15.95,15.94,15.93,15.91,15.9,15.89,15.88,10,700,4100,600,13500,3812,900,500,1400,400,700,1400,1400,8600,4200,3100,1200,300,7600,2100,10800,456,376300,6043871.0,120800,15.698,427412,16.683,0,1577929079000,SSE,0.0,2,2,7,5,2,2,1,9,2,9,1,1,3,1,2,5,2,1,4,2
189,603933,20200102,09:38:02.000,15.94,16,16.17,15.95,15.98,10,16.11,16.1,16.09,16.08,16.07,16.06,16.05,16.04,16.03,16.0,15.98,15.97,15.96,15.95,15.94,15.93,15.91,15.9,15.89,15.88,10,700,4100,600,13500,3812,900,500,1400,400,700,1600,1900,8600,4200,3600,1200,300,7600,2100,10800,456,376300,6043871.0,122000,15.7,427912,16.684,0,1577929082000,SSE,0.0,3,3,7,5,3,2,1,9,2,9,1,1,3,1,2,5,2,1,4,2
190,603933,20200102,09:38:05.000,15.94,16,16.17,15.95,15.98,10,16.11,16.1,16.09,16.08,16.07,16.06,16.05,16.04,16.03,16.0,15.98,15.97,15.96,15.95,15.94,15.93,15.91,15.9,15.89,15.88,10,700,4100,600,13500,3812,900,500,1400,400,700,1400,1900,8600,4200,3600,1200,300,7600,2100,10800,457,376500,6047067.0,121800,15.7,427912,16.684,0,1577929085000,SSE,0.0,3,3,7,5,3,2,1,9,2,9,1,1,3,1,2,5,2,1,4,2
191,603933,20200102,09:38:07.000,15.94,16,16.17,15.95,15.98,10,16.11,16.1,16.09,16.08,16.07,16.06,16.05,16.04,16.03,16.0,15.98,15.97,15.96,15.95,15.94,15.93,15.91,15.9,15.89,15.88,10,700,4100,600,13500,3812,900,500,1400,400,700,1700,1900,8600,6200,3600,1200,300,7600,2100,10800,457,376500,6047067.0,124100,15.704,427912,16.684,0,1577929087000,SSE,0.0,4,3,7,6,3,2,1,9,2,9,1,1,3,1,2,5,2,1,4,2
192,603933,20200102,09:38:10.000,15.94,16,16.17,15.95,15.98,10,16.11,16.1,16.09,16.08,16.07,16.06,16.05,16.04,16.03,16.0,15.98,15.97,15.96,15.95,15.94,15.93,15.91,15.9,15.89,15.88,10,700,4100,600,13500,3812,900,500,1400,400,700,8900,1900,8600,6200,3600,1200,300,7600,2100,10800,457,376500,6047067.0,131300,15.72,427912,16.684,0,1577929090000,SSE,0.0,6,3,7,6,3,2,1,9,2,9,1,1,3,1,2,5,2,1,4,2
193,603933,20200102,09:38:13.000,15.94,16,16.17,15.95,15.98,10,16.12,16.11,16.1,16.09,16.08,16.07,16.06,16.04,16.03,16.0,15.98,15.97,15.96,15.95,15.94,15.93,15.91,15.9,15.89,15.88,10,5400,700,4100,600,13500,2812,900,1400,400,700,10300,1900,8600,7700,3600,1200,300,7600,2100,10800,457,376500,6047067.0,134200,15.725,431212,16.68,0,1577929093000,SSE,0.0,7,3,7,8,3,2,1,9,2,9,1,1,3,2,4,2,1,4,2,6
194,603933,20200102,09:38:16.000,15.94,16,16.17,15.95,15.98,10,16.12,16.11,16.1,16.09,16.08,16.07,16.06,16.04,16.03,16.0,15.99,15.98,15.97,15.96,15.95,15.94,15.93,15.91,15.9,15.89,10,5400,700,4100,600,13500,2812,900,1400,400,700,1000,10300,1900,8600,7700,3600,1200,300,7600,2100,457,376500,6047067.0,135200,15.727,431212,16.68,0,1577929096000,SSE,0.0,1,7,3,7,8,3,2,1,9,2,1,1,3,2,4,2,1,4,2,6
195,603933,20200102,09:38:19.000,15.94,16,16.17,15.95,16.0,10,16.12,16.11,16.1,16.09,16.08,16.07,16.06,16.04,16.03,16.0,15.99,15.98,15.97,15.96,15.95,15.94,15.93,15.91,15.9,15.89,10,5400,700,4100,600,13500,2812,900,1400,400,100,1700,10100,1900,8600,7700,8600,1200,300,7600,2100,459,377100,6056667.0,140700,15.735,430612,16.680999999999997,0,1577929099000,SSE,0.0,4,6,3,7,8,4,2,1,9,2,1,1,3,2,4,2,1,4,2,6
196,603933,20200102,09:38:22.000,15.94,16,16.17,15.95,15.98,10,16.12,16.11,16.1,16.09,16.08,16.07,16.06,16.04,16.03,16.0,15.98,15.97,15.96,15.95,15.94,15.93,15.91,15.9,15.89,15.88,10,5400,700,4100,600,13500,2812,900,1400,400,100,400,1900,8600,7700,8600,1200,300,7600,2100,10800,470,392100,6296384.0,129300,15.714,430612,16.680999999999997,0,1577929102000,SSE,0.0,1,3,7,8,4,2,1,9,2,9,1,1,3,2,4,2,1,4,2,6
197,603933,20200102,09:38:25.000,15.94,16,16.17,15.95,15.98,10,16.12,16.11,16.1,16.09,16.08,16.07,16.06,16.04,16.03,16.0,15.98,15.97,15.96,15.95,15.94,15.93,15.91,15.9,15.89,15.88,10,5400,700,4100,600,13500,2812,900,1400,400,100,400,2900,8300,7700,8600,1200,300,7600,2100,10800,470,392100,6296384.0,130000,15.715,430612,16.680999999999997,0,1577929105000,SSE,0.0,1,4,6,8,4,2,1,9,2,9,1,1,3,2,4,2,1,4,2,6
198,603933,20200102,09:38:26.000,15.94,16,16.17,15.95,15.98,10,16.12,16.11,16.1,16.09,16.08,16.07,16.06,16.04,16.03,16.0,15.98,15.97,15.96,15.95,15.94,15.93,15.91,15.9,15.89,15.88,10,5400,700,4100,600,13500,2812,900,1400,400,100,12700,2900,8300,7700,8600,1200,300,7600,2100,10800,471,392300,6299580.0,142300,15.738,430612,16.680999999999997,0,1577929106000,SSE,0.0,2,4,6,8,4,2,1,9,2,9,1,1,3,2,4,2,1,4,2,6
199,603933,20200102,09:38:30.000,15.94,16,16.17,15.95,16.0,10,16.13,16.12,16.11,16.1,16.09,16.08,16.07,16.06,16.04,16.03,16.0,15.99,15.98,15.97,15.96,15.95,15.94,15.93,15.91,15.9,10,13000,5400,700,4100,600,13500,2812,900,1400,400,1900,2100,12700,2900,8300,7700,8600,1200,300,7600,472,392400,6301180.0,146300,15.745,431712,16.680999999999997,0,1577929110000,SSE,0.0,1,1,2,4,6,8,4,2,1,9,1,3,2,4,2,1,4,2,6,6
200,603933,20200102,09:38:34.000,15.94,16,16.17,15.95,16.0,10,16.13,16.12,16.11,16.1,16.09,16.08,16.07,16.06,16.04,16.03,16.0,15.99,15.98,15.97,15.96,15.95,15.94,15.93,15.91,15.9,10,13000,5400,700,4100,600,13500,2812,900,1400,400,12600,2600,14000,2900,8400,7700,8600,1200,300,7600,472,392400,6301180.0,158900,15.765,431712,16.680999999999997,0,1577929114000,SSE,0.0,4,2,4,4,7,8,4,2,1,9,1,3,2,4,2,1,4,2,6,6
201,603933,20200102,09:38:37.000,15.94,16,16.17,15.95,16.0,10,16.13,16.12,16.11,16.1,16.09,16.08,16.07,16.06,16.04,16.03,16.0,15.99,15.98,15.97,15.96,15.95,15.94,15.93,15.91,15.9,10,13000,5400,700,4100,600,13500,2812,900,1400,400,11900,2600,14100,2900,10400,7700,8600,1200,300,7600,473,393100,6312380.0,160300,15.765999999999998,430512,16.683,0,1577929117000,SSE,0.0,4,2,5,4,8,8,4,2,1,9,1,3,2,4,2,1,4,2,6,6
202,603933,20200102,09:38:40.000,15.94,16,16.17,15.95,16.04,10,16.14,16.13,16.12,16.11,16.1,16.09,16.08,16.07,16.06,16.04,16.03,16.0,15.99,15.98,15.97,15.96,15.95,15.94,15.93,15.91,10,11000,13000,5400,700,4100,600,13500,2812,900,1300,400,7900,3600,14200,3300,10400,7700,9600,1200,300,475,393600,6320396.0,159200,15.764000000000001,430012,16.684,0,1577929120000,SSE,0.0,1,3,3,6,5,8,8,5,2,1,2,2,4,2,1,4,2,6,6,8
203,603933,20200102,09:38:43.000,15.94,16,16.17,15.95,16.04,10,16.14,16.13,16.12,16.11,16.1,16.09,16.08,16.07,16.06,16.04,16.03,16.0,15.99,15.98,15.97,15.96,15.95,15.94,15.93,15.91,10,11000,13000,5400,700,4100,600,13500,6012,900,1300,400,8200,3600,14200,3300,10400,7700,9600,1200,300,475,393600,6320396.0,159600,15.765,433212,16.679000000000002,0,1577929123000,SSE,0.0,1,4,3,6,5,8,8,5,2,1,2,2,6,2,1,4,2,6,6,8
204,603933,20200102,09:38:46.000,15.94,16,16.17,15.95,16.03,10,16.13,16.12,16.11,16.1,16.09,16.08,16.07,16.06,16.04,16.03,16.01,16.0,15.99,15.98,15.97,15.96,15.95,15.94,15.93,15.91,10,12000,5400,700,4100,600,13500,6012,900,1300,6800,2000,8200,3500,14200,3300,8400,7700,9600,1200,300,478,394600,6336426.0,159100,15.765,439012,16.67,0,1577929126000,SSE,0.0,1,4,4,6,5,7,8,5,2,1,1,2,2,6,2,1,4,2,6,5
205,603933,20200102,09:38:49.000,15.94,16,16.17,15.95,16.03,10,16.13,16.12,16.11,16.1,16.09,16.08,16.07,16.06,16.04,16.03,16.01,16.0,15.99,15.98,15.97,15.96,15.95,15.94,15.93,15.91,10,12000,5400,700,4100,600,13500,4812,900,1300,6600,2000,8200,3500,14200,3300,8400,7700,9600,1200,300,479,394800,6339632.0,159100,15.765,435912,16.674,0,1577929129000,SSE,0.0,1,4,4,6,5,7,8,5,2,1,1,2,2,5,2,1,4,2,6,5
206,603933,20200102,09:38:52.000,15.94,16,16.17,15.95,16.03,10,16.13,16.12,16.11,16.1,16.09,16.08,16.07,16.06,16.04,16.03,16.01,16.0,15.99,15.98,15.97,15.96,15.95,15.94,15.93,15.91,10,12000,5400,700,4100,600,13500,4812,900,1300,6500,2000,8200,3500,14200,3300,8400,7700,9600,1200,300,480,394900,6341235.0,159100,15.765,435812,16.675,0,1577929132000,SSE,0.0,1,4,4,6,5,7,8,5,2,1,1,2,2,5,2,1,4,2,6,5
207,603933,20200102,09:38:55.000,15.94,16,16.17,15.95,16.03,10,16.13,16.12,16.11,16.1,16.09,16.08,16.07,16.06,16.04,16.03,16.01,16.0,15.99,15.98,15.97,15.96,15.95,15.94,15.93,15.91,10,12000,5400,700,4100,600,13500,4812,900,1300,6500,2000,8200,6100,14200,3300,8400,7700,9600,1200,300,480,394900,6341235.0,161700,15.767999999999999,436012,16.674,0,1577929135000,SSE,0.0,1,4,5,6,5,7,8,5,2,1,1,2,2,5,2,1,4,2,6,5
208,603933,20200102,09:38:58.000,15.94,16,16.17,15.95,16.03,10,16.13,16.12,16.11,16.1,16.09,16.08,16.07,16.06,16.04,16.03,16.01,16.0,15.99,15.98,15.97,15.96,15.95,15.94,15.93,15.91,10,12000,5400,700,4100,600,13500,4812,900,1300,6500,2000,8200,6100,14200,3300,7800,7700,9600,1200,300,480,394900,6341235.0,161100,15.767999999999999,436012,16.674,0,1577929138000,SSE,0.0,1,4,5,6,5,6,8,5,2,1,1,2,2,5,2,1,4,2,6,5
209,603933,20200102,09:39:01.000,15.94,16,16.17,15.95,16.03,10,16.13,16.12,16.11,16.1,16.09,16.08,16.07,16.06,16.04,16.03,16.01,16.0,15.99,15.98,15.97,15.96,15.95,15.94,15.93,15.91,10,12000,5400,700,3500,600,13500,4812,900,1300,6500,2000,8200,6100,14200,3300,7800,7700,9600,1200,300,480,394900,6341235.0,161100,15.767999999999999,435412,16.675,0,1577929141000,SSE,0.0,1,4,5,6,5,6,8,5,2,1,1,2,2,5,2,1,3,2,6,5
210,603933,20200102,09:39:04.000,15.94,16,16.17,15.95,16.03,10,16.13,16.12,16.11,16.1,16.09,16.08,16.07,16.06,16.04,16.03,16.01,16.0,15.99,15.98,15.97,15.96,15.95,15.94,15.93,15.91,10,12000,5400,700,3500,600,13500,4812,900,1300,6500,3000,8200,6600,2300,3300,7800,7700,9600,1200,300,480,394900,6341235.0,150700,15.753,435412,16.675,0,1577929144000,SSE,0.0,2,4,6,6,5,6,8,5,2,1,1,2,2,5,2,1,3,2,6,5
211,603933,20200102,09:39:07.000,15.94,16,16.17,15.95,16.03,10,16.13,16.12,16.11,16.1,16.09,16.08,16.07,16.06,16.04,16.03,16.01,16.0,15.99,15.98,15.97,15.96,15.95,15.94,15.93,15.91,10,12000,5400,700,3500,600,13500,4812,900,1300,5500,3000,10300,9000,2300,3300,7800,7700,9600,1200,300,481,395900,6357265.0,155200,15.76,434412,16.677,0,1577929147000,SSE,0.0,2,5,7,6,5,6,8,5,2,1,1,2,2,5,2,1,3,2,6,5
212,603933,20200102,09:39:10.000,15.94,16,16.17,15.95,16.01,10,16.13,16.12,16.11,16.1,16.09,16.08,16.07,16.06,16.04,16.03,16.01,16.0,15.99,15.98,15.97,15.96,15.95,15.94,15.93,15.91,10,12000,5400,700,3500,600,13500,4812,900,1300,6900,1000,10300,9000,2300,2800,7800,5700,9600,1200,300,483,399700,6418139.0,150700,15.754000000000001,435912,16.675,0,1577929150000,SSE,0.0,1,5,7,6,4,6,7,5,2,1,2,2,2,5,2,1,3,2,6,5
213,603933,20200102,09:39:13.000,15.94,16,16.17,15.95,16.01,10,16.13,16.12,16.11,16.1,16.09,16.08,16.07,16.06,16.04,16.03,16.01,16.0,15.99,15.98,15.97,15.96,15.95,15.94,15.93,15.91,10,12000,5400,700,3500,600,13500,4812,900,1300,6900,300,10300,9000,2300,2800,7800,5700,9600,1200,300,484,400400,6429346.0,150000,15.752,435912,16.675,0,1577929153000,SSE,0.0,1,5,7,6,4,6,7,5,2,1,2,2,2,5,2,1,3,2,6,5
214,603933,20200102,09:39:16.000,15.94,16,16.17,15.95,16.03,10,16.13,16.12,16.11,16.1,16.09,16.08,16.07,16.06,16.04,16.03,16.01,16.0,15.99,15.98,15.97,15.96,15.95,15.94,15.93,15.91,10,12000,5400,700,3500,600,13500,4812,900,1300,5900,300,10300,9000,2300,2800,7800,5700,9600,1200,300,485,401400,6445376.0,150000,15.752,434912,16.676,0,1577929156000,SSE,0.0,1,5,7,6,4,6,7,5,2,1,2,2,2,5,2,1,3,2,6,5
215,603933,20200102,09:39:19.000,15.94,16,16.17,15.95,16.02,10,16.13,16.12,16.11,16.1,16.09,16.08,16.07,16.06,16.04,16.03,16.02,16.01,16.0,15.99,15.98,15.97,15.96,15.95,15.94,15.93,10,12000,5400,700,3500,600,13500,4812,900,1300,5900,1600,300,10300,9000,2300,2800,7800,5700,9600,1200,486,401900,6453386.0,152800,15.753,434912,16.676,0,1577929159000,SSE,0.0,1,1,5,7,6,4,6,7,5,2,2,2,2,5,2,1,3,2,6,5
216,603933,20200102,09:39:22.000,15.94,16,16.17,15.95,16.02,10,16.13,16.12,16.11,16.1,16.09,16.08,16.07,16.06,16.04,16.03,16.02,16.01,16.0,15.99,15.98,15.97,15.96,15.95,15.94,15.93,10,12000,5400,700,3500,600,13500,4812,900,1300,7400,1600,9500,11400,9000,2300,2800,7800,5700,9600,1200,486,401900,6453386.0,163100,15.769,436412,16.674,0,1577929162000,SSE,0.0,1,3,7,7,6,4,6,7,5,2,3,2,2,5,2,1,3,2,6,5
217,603933,20200102,09:39:25.000,15.94,16,16.17,15.95,16.02,10,16.12,16.11,16.1,16.09,16.08,16.07,16.06,16.04,16.03,16.02,16.01,16.0,15.99,15.98,15.97,15.96,15.95,15.94,15.93,15.91,10,5400,700,3500,600,13500,4812,900,1300,7400,3900,10500,11400,9000,2300,2800,7800,6900,9600,1200,300,487,403500,6479018.0,163700,15.769,440312,16.668,0,1577929165000,SSE,0.0,4,7,7,6,4,6,8,5,2,1,1,3,2,2,5,2,1,3,2,6
218,603933,20200102,09:39:28.000,15.94,16,16.17,15.95,16.02,10,16.12,16.11,16.1,16.09,16.08,16.07,16.06,16.04,16.03,16.02,16.01,16.0,15.99,15.98,15.97,15.96,15.95,15.94,15.93,15.91,10,5400,700,3500,600,13500,4812,900,1300,7400,3900,10500,11400,9000,4300,2800,7800,6900,9600,1200,300,487,403500,6479018.0,165700,15.772,440312,16.668,0,1577929168000,SSE,0.0,4,7,7,7,4,6,8,5,2,1,1,3,2,2,5,2,1,3,2,6
219,603933,20200102,09:39:31.000,15.94,16,16.17,15.95,16.02,10,16.12,16.11,16.1,16.09,16.08,16.07,16.06,16.04,16.03,16.02,16.01,16.0,15.99,15.98,15.97,15.96,15.95,15.94,15.93,15.91,10,5400,700,3500,600,13500,2612,900,1300,7400,4700,10500,11400,9000,4300,2800,7800,6900,9600,7700,300,487,403500,6479018.0,172800,15.777999999999999,439412,16.669,0,1577929171000,SSE,0.0,4,7,7,7,4,6,8,5,3,1,3,3,2,2,4,2,1,3,2,6
220,603933,20200102,09:39:34.000,15.94,16,16.17,15.95,16.02,10,16.12,16.11,16.1,16.09,16.08,16.07,16.06,16.04,16.03,16.02,16.01,16.0,15.99,15.98,15.97,15.96,15.95,15.94,15.93,15.91,10,5400,700,3500,600,13500,2612,1900,1300,7400,4100,13100,11400,9000,4400,2800,7800,6900,9600,7700,300,489,404100,6488630.0,175500,15.780999999999999,439812,16.669,0,1577929174000,SSE,0.0,6,7,7,8,4,6,8,5,3,1,3,3,2,3,4,2,1,3,2,6
221,603933,20200102,09:39:37.000,15.94,16,16.17,15.95,16.02,10,16.12,16.11,16.1,16.09,16.08,16.07,16.06,16.04,16.03,16.02,16.01,16.0,15.99,15.98,15.97,15.96,15.95,15.94,15.93,15.91,10,5400,700,3500,600,13500,2612,1900,1300,5900,1800,13100,11400,9000,4400,2800,7800,6900,9600,7700,300,492,406400,6525476.0,175500,15.780999999999999,436212,16.675,0,1577929177000,SSE,0.0,6,7,7,8,4,6,8,5,3,1,3,2,2,3,4,2,1,3,2,6
222,603933,20200102,09:39:40.000,15.94,16,16.17,15.95,16.02,10,16.13,16.12,16.11,16.1,16.09,16.08,16.07,16.06,16.04,16.03,16.02,16.01,16.0,15.99,15.98,15.97,15.96,15.95,15.94,15.93,10,12000,5400,700,3500,600,13500,2612,1900,1300,5900,600,13100,12400,9000,4400,2800,7800,6900,9600,7700,499,408200,6554312.0,177100,15.783,434412,16.677,0,1577929180000,SSE,0.0,1,6,8,7,8,4,6,8,5,3,2,2,3,4,2,1,3,2,6,5
223,603933,20200102,09:39:43.000,15.94,16,16.17,15.95,16.02,10,16.12,16.11,16.1,16.09,16.08,16.07,16.06,16.04,16.03,16.02,16.01,16.0,15.99,15.98,15.97,15.96,15.95,15.94,15.93,15.91,10,5400,700,3500,600,13500,2612,1900,1300,5900,1600,12700,12400,9000,4400,2800,7800,6900,9600,7700,300,511,410800,6595960.0,176200,15.782,429712,16.683,0,1577929183000,SSE,0.0,5,8,7,8,4,6,8,5,3,1,1,2,2,3,4,2,1,3,2,6
224,603933,20200102,09:39:46.000,15.94,16,16.17,15.95,16.02,10,16.12,16.11,16.1,16.09,16.08,16.07,16.06,16.04,16.03,16.02,16.01,16.0,15.99,15.98,15.97,15.96,15.95,15.94,15.93,15.91,10,5400,700,3500,600,13500,2612,1900,1300,5900,500,12700,12400,9000,4400,2800,7800,6900,9600,7700,300,517,411900,6613582.0,176200,15.782,428612,16.684,0,1577929186000,SSE,0.0,5,8,7,8,4,6,8,5,3,1,1,2,2,3,4,2,1,3,2,6
225,603933,20200102,09:39:49.000,15.94,16,16.17,15.95,16.02,10,16.12,16.11,16.1,16.09,16.08,16.07,16.06,16.04,16.03,16.02,16.01,16.0,15.99,15.98,15.97,15.96,15.95,15.94,15.93,15.91,10,5400,700,3500,600,13500,2612,4100,1300,5900,2700,12700,15400,6400,4400,2800,7800,6900,9600,7700,300,522,412500,6623194.0,176600,15.783,433012,16.678,0,1577929189000,SSE,0.0,5,9,6,8,4,6,8,5,3,1,2,2,2,4,4,2,1,3,2,6
226,603933,20200102,09:39:52.000,15.94,16,16.17,15.95,16.02,10,16.13,16.12,16.11,16.1,16.09,16.08,16.07,16.06,16.04,16.03,16.02,16.01,16.0,15.99,15.98,15.97,15.96,15.95,15.94,15.93,10,5700,5400,700,3500,600,13500,2612,4100,1300,5900,100,12700,15400,6400,4400,2800,7800,6900,9600,7700,537,415200,6666448.0,176700,15.783,430812,16.683,0,1577929192000,SSE,0.0,1,5,9,6,8,4,6,8,5,3,2,2,4,4,2,1,3,2,6,4
227,603933,20200102,09:39:55.000,15.94,16,16.17,15.95,16.03,10,16.13,16.12,16.11,16.1,16.09,16.08,16.07,16.06,16.04,16.03,16.01,16.0,15.99,15.98,15.97,15.96,15.95,15.94,15.93,15.91,10,5700,5400,700,3500,600,13500,2612,3700,1300,5000,11800,15400,6400,4400,2800,7800,6900,9600,7700,300,540,416100,6680875.0,175000,15.782,423912,16.692,0,1577929195000,SSE,0.0,4,9,6,8,4,6,8,5,3,1,2,2,3,4,2,1,3,2,6,4
228,603933,20200102,09:39:58.000,15.94,16,16.17,15.95,16.03,10,16.13,16.12,16.11,16.1,16.09,16.08,16.07,16.06,16.04,16.03,16.02,16.01,16.0,15.99,15.98,15.97,15.96,15.95,15.94,15.93,10,5700,5400,700,3500,600,13500,2612,3700,1300,2500,2000,11800,15400,6400,4400,2800,7800,6900,9600,7700,542,418600,6720950.0,177000,15.784,421412,16.695999999999998,0,1577929198000,SSE,0.0,1,4,9,6,8,4,6,8,5,3,1,2,3,4,2,1,3,2,6,4
229,603933,20200102,09:40:01.000,15.94,16,16.17,15.95,16.03,10,16.13,16.12,16.11,16.1,16.09,16.08,16.07,16.06,16.04,16.03,16.02,16.01,16.0,15.99,15.98,15.97,15.96,15.95,15.94,15.93,10,5700,5400,700,3500,600,13500,2612,3700,1300,1300,2000,11800,15400,6400,4400,2800,7800,6900,9600,7700,551,420800,6756216.0,177000,15.784,418212,16.698,0,1577929201000,SSE,0.0,1,4,9,6,8,4,6,8,5,3,2,2,3,4,2,1,3,2,6,4
230,603933,20200102,09:40:04.000,15.94,16,16.17,15.95,16.03,10,16.13,16.12,16.11,16.1,16.09,16.08,16.07,16.06,16.04,16.03,16.02,16.01,16.0,15.99,15.98,15.97,15.96,15.95,15.94,15.93,10,5700,5400,700,3500,600,13500,2612,3700,1300,800,4400,11800,15400,5400,4400,2800,8300,6900,9600,7700,553,421300,6764231.0,178900,15.787,416212,16.7,0,1577929204000,SSE,0.0,4,4,9,5,8,4,7,8,5,3,1,2,3,4,2,1,3,2,6,4
231,603933,20200102,09:40:07.000,15.94,16,16.17,15.95,16.02,10,16.12,16.11,16.1,16.09,16.08,16.07,16.06,16.04,16.03,16.02,16.01,16.0,15.99,15.98,15.97,15.96,15.95,15.94,15.93,15.91,10,5400,700,3500,600,13500,1612,3700,1300,500,2600,11800,9100,4400,4400,2800,8300,6900,9600,7700,300,560,427000,6855558.0,167400,15.772,423912,16.689,0,1577929207000,SSE,0.0,4,8,4,8,4,7,8,5,3,1,1,1,2,3,3,2,1,3,2,6
232,603933,20200102,09:40:10.000,15.94,16,16.17,15.95,16.02,10,16.12,16.11,16.1,16.09,16.08,16.07,16.06,16.04,16.03,16.02,16.01,16.0,15.99,15.98,15.97,15.96,15.95,15.94,15.93,15.91,10,5400,700,3500,600,13500,1612,3700,1300,800,1100,11800,9100,4400,4400,2800,8300,6900,9600,7700,300,564,428500,6879588.0,167400,15.772,422712,16.691,0,1577929210000,SSE,0.0,4,8,4,8,4,7,8,5,3,1,1,2,2,3,3,2,1,3,2,6
233,603933,20200102,09:40:13.000,15.94,16,16.17,15.95,16.02,10,16.12,16.11,16.1,16.09,16.08,16.07,16.06,16.04,16.03,16.02,16.01,16.0,15.99,15.98,15.97,15.96,15.95,15.94,15.93,15.91,10,5400,700,3500,600,13500,1612,3700,1300,800,600,12000,9100,4400,4400,2800,8300,6900,9600,7700,300,565,429000,6887598.0,167600,15.772,422212,16.691,0,1577929213000,SSE,0.0,5,8,4,8,4,7,8,5,3,1,1,2,2,3,3,2,1,3,2,6
234,603933,20200102,09:40:16.000,15.94,16,16.17,15.95,16.02,10,16.13,16.12,16.11,16.1,16.09,16.08,16.07,16.06,16.04,16.03,16.02,16.01,16.0,15.99,15.98,15.97,15.96,15.95,15.94,15.93,10,12000,4400,700,3500,600,13500,1612,3700,1300,800,5700,12000,9100,4400,4400,2800,8300,6900,9600,7700,566,429600,6897210.0,173300,15.78,421012,16.692999999999998,0,1577929216000,SSE,0.0,1,5,8,4,8,4,7,8,5,3,2,2,3,3,2,1,3,2,5,5
235,603933,20200102,09:40:19.000,15.94,16,16.17,15.95,16.02,10,16.13,16.12,16.11,16.1,16.09,16.08,16.07,16.06,16.04,16.03,16.02,16.01,16.0,15.99,15.98,15.97,15.96,15.95,15.94,15.93,10,12000,4400,700,4500,600,13500,612,3700,1800,800,5700,12000,9100,4400,4400,2800,8300,6900,9600,7700,566,429600,6897210.0,173300,15.78,413412,16.702,0,1577929219000,SSE,0.0,1,5,8,4,8,4,7,8,5,3,2,3,3,2,2,1,4,2,5,5
236,603933,20200102,09:40:22.000,15.94,16,16.17,15.95,16.02,10,16.13,16.12,16.11,16.1,16.09,16.08,16.07,16.06,16.04,16.03,16.02,16.01,16.0,15.99,15.98,15.97,15.96,15.95,15.94,15.93,10,12000,4400,700,4500,600,13500,612,3700,1800,2300,5700,11900,9100,4400,4400,2800,8300,6900,9600,7700,566,429600,6897210.0,175200,15.780999999999999,415812,16.7,0,1577929222000,SSE,0.0,1,4,8,4,8,4,7,8,5,3,3,3,3,2,2,1,4,2,5,5
237,603933,20200102,09:40:25.000,15.94,16,16.17,15.95,16.02,10,16.13,16.12,16.11,16.1,16.09,16.08,16.07,16.06,16.04,16.03,16.02,16.01,16.0,15.99,15.98,15.97,15.96,15.95,15.94,15.93,10,12000,4400,700,4500,600,13500,612,3700,1800,2300,6700,11900,9100,4400,4400,2800,8300,6900,9600,7700,566,429600,6897210.0,176200,15.782,415812,16.7,0,1577929225000,SSE,0.0,2,4,8,4,8,4,7,8,5,3,3,3,3,2,2,1,4,2,5,5
238,603933,20200102,09:40:28.000,15.94,16,16.17,15.95,16.03,10,16.13,16.12,16.11,16.1,16.09,16.08,16.07,16.06,16.04,16.03,16.02,16.01,16.0,15.99,15.98,15.97,15.96,15.95,15.94,15.93,10,12000,4400,700,4500,600,13500,612,3700,1800,2200,6700,11900,9100,4400,4400,2800,8300,6900,9600,7700,567,429700,6898813.0,176200,15.782,415712,16.7,0,1577929228000,SSE,0.0,2,4,8,4,8,4,7,8,5,3,3,3,3,2,2,1,4,2,5,5
239,603933,20200102,09:40:31.000,15.94,16,16.17,15.95,16.03,10,16.14,16.13,16.12,16.11,16.1,16.09,16.08,16.07,16.06,16.04,16.03,16.02,16.01,16.0,15.99,15.98,15.97,15.96,15.95,15.94,10,11000,12000,4400,700,4500,600,13500,612,1500,1800,2600,10700,11900,9500,4400,4400,2800,8300,6900,9600,570,431900,6934079.0,183200,15.792,411312,16.707,0,1577929231000,SSE,0.0,1,3,4,9,4,8,4,7,8,5,3,2,2,2,1,4,2,5,5,8
240,603933,20200102,09:40:34.000,15.94,16,16.17,15.95,16.03,10,16.14,16.13,16.12,16.11,16.1,16.09,16.08,16.07,16.06,16.04,16.03,16.02,16.01,16.0,15.99,15.98,15.97,15.96,15.95,15.94,10,11000,12000,4400,700,4500,600,13500,612,1500,1800,2600,10700,11900,9500,4400,4400,2800,8300,6900,9600,571,432000,6935682.0,183200,15.792,412312,16.706,0,1577929234000,SSE,0.0,2,3,4,9,4,8,4,7,8,5,3,2,2,2,1,4,2,5,5,8
241,603933,20200102,09:40:37.000,15.94,16,16.17,15.95,16.03,10,16.14,16.13,16.12,16.11,16.1,16.09,16.08,16.07,16.06,16.04,16.03,16.02,16.01,16.0,15.99,15.98,15.97,15.96,15.95,15.94,10,11000,12000,4400,700,4500,600,13500,612,1500,4000,2600,10700,11900,6500,3900,4400,2800,8300,6900,9600,571,432000,6935682.0,179700,15.788,414512,16.702,0,1577929237000,SSE,0.0,2,3,4,8,3,8,4,7,8,5,4,2,2,2,1,4,2,5,5,8
242,603933,20200102,09:40:40.000,15.94,16,16.17,15.95,16.03,10,16.14,16.13,16.12,16.11,16.1,16.09,16.08,16.07,16.06,16.04,16.03,16.02,16.01,16.0,15.99,15.98,15.97,15.96,15.95,15.94,10,11000,12000,4400,700,4500,600,13500,612,1500,4000,1500,10700,11900,6500,3900,4400,2800,8300,6900,9600,572,433100,6953315.0,178600,15.786,415912,16.701,0,1577929240000,SSE,0.0,2,3,4,8,3,8,4,7,8,5,4,2,2,2,1,4,2,5,5,8
243,603933,20200102,09:40:43.000,15.94,16,16.17,15.95,16.03,10,16.14,16.13,16.12,16.11,16.1,16.09,16.08,16.07,16.06,16.04,16.03,16.02,16.01,16.0,15.99,15.98,15.97,15.96,15.95,15.94,10,11000,12000,4400,700,5500,600,13500,2912,1500,4000,1500,10700,11900,6500,3900,4400,2800,8300,6900,9600,572,433100,6953315.0,178600,15.786,419312,16.697,0,1577929243000,SSE,0.0,2,3,4,8,3,8,4,7,8,5,4,2,4,2,1,5,2,5,5,8
244,603933,20200102,09:40:46.000,15.94,16,16.17,15.95,16.03,10,16.14,16.13,16.12,16.11,16.1,16.09,16.08,16.07,16.06,16.04,16.03,16.02,16.01,16.0,15.99,15.98,15.97,15.96,15.95,15.94,10,11000,12000,3400,700,5500,600,13500,2912,1500,3000,1500,10700,11900,7200,3900,4400,2800,8300,6900,9600,572,433100,6953315.0,179300,15.787,417312,16.7,0,1577929246000,SSE,0.0,2,3,4,9,3,8,4,7,8,5,3,2,4,2,1,5,2,4,5,8
245,603933,20200102,09:40:49.000,15.94,16,16.17,15.95,16.04,10,16.14,16.13,16.12,16.11,16.1,16.09,16.08,16.07,16.06,16.04,16.03,16.02,16.01,16.0,15.99,15.98,15.97,15.96,15.95,15.94,10,11000,12000,3400,700,5500,600,13500,2912,1500,2400,2000,11200,11900,7200,3900,4400,2800,8300,6900,9600,574,433700,6962939.0,180300,15.788,417112,16.702,0,1577929249000,SSE,0.0,3,4,4,9,3,8,4,7,8,5,2,2,4,2,1,5,2,4,5,8
246,603933,20200102,09:40:52.000,15.94,16,16.17,15.95,16.04,10,16.14,16.13,16.12,16.11,16.1,16.09,16.08,16.07,16.06,16.04,16.03,16.02,16.01,16.0,15.99,15.98,15.97,15.96,15.95,15.94,10,11000,12000,3400,700,5500,600,13500,2912,1500,2200,600,11200,11900,7200,3900,4400,2800,8300,6900,9600,577,435300,6988589.0,179900,15.786,415912,16.702,0,1577929252000,SSE,0.0,2,4,4,9,3,8,4,7,8,5,1,2,4,2,1,5,2,4,5,8
247,603933,20200102,09:40:55.000,15.94,16,16.17,15.95,16.03,10,16.14,16.13,16.12,16.11,16.1,16.09,16.08,16.07,16.06,16.04,16.02,16.01,16.0,15.99,15.98,15.97,15.96,15.95,15.94,15.93,10,11000,12000,3400,700,4500,600,13500,2912,1500,2200,11200,11900,7200,3900,4400,2800,8300,6900,9600,7700,579,435900,6998207.0,182100,15.787,413512,16.704,0,1577929255000,SSE,0.0,4,4,9,3,8,4,7,8,5,3,1,2,4,2,1,4,2,4,5,8
248,603933,20200102,09:40:58.000,15.94,16,16.17,15.95,16.03,10,16.13,16.12,16.11,16.1,16.09,16.08,16.07,16.06,16.04,16.03,16.02,16.01,16.0,15.99,15.98,15.97,15.96,15.95,15.94,15.93,10,12000,3400,700,4500,600,13500,3412,1500,2200,2000,11200,11900,7200,3900,4400,2800,8300,6900,9600,7700,579,435900,6998207.0,182100,15.787,416312,16.701,0,1577929258000,SSE,0.0,4,4,9,3,8,4,7,8,5,3,1,1,2,5,2,1,4,2,4,5
249,603933,20200102,09:41:01.000,15.94,16,16.17,15.95,16.03,10,16.13,16.12,16.11,16.1,16.09,16.08,16.07,16.06,16.04,16.03,16.02,16.01,16.0,15.99,15.98,15.97,15.96,15.95,15.94,15.93,10,12000,3400,700,4500,600,13500,3412,1500,6200,2000,11200,11900,7200,3900,4400,2800,8300,6900,9600,7700,579,435900,6998207.0,182100,15.787,421312,16.692999999999998,0,1577929261000,SSE,0.0,4,4,9,3,8,4,7,8,5,3,1,2,2,5,2,1,4,2,4,5
250,603933,20200102,09:41:04.000,15.94,16,16.17,15.95,16.03,10,16.13,16.12,16.11,16.1,16.09,16.08,16.07,16.06,16.04,16.03,16.02,16.01,16.0,15.99,15.98,15.97,15.96,15.95,15.94,15.93,10,12000,3400,700,4500,600,13500,3412,1500,6200,2000,11200,11900,7200,3900,4400,2800,8300,6900,9600,7700,579,435900,6998207.0,182100,15.787,422712,16.692999999999998,0,1577929264000,SSE,0.0,4,4,9,3,8,4,7,8,5,3,1,2,2,5,2,1,4,2,4,5
251,603933,20200102,09:41:07.000,15.94,16,16.17,15.95,16.02,10,16.13,16.12,16.11,16.1,16.09,16.08,16.07,16.06,16.04,16.03,16.02,16.01,16.0,15.99,15.98,15.97,15.96,15.95,15.94,15.93,10,12000,3400,700,4500,600,13500,3412,1500,6200,2500,12800,11900,7200,3900,4400,2800,8300,6900,9600,7700,580,436300,7004615.0,183700,15.789000000000001,423212,16.692,0,1577929267000,SSE,0.0,5,4,9,3,8,4,7,8,5,3,2,2,2,5,2,1,4,2,4,5
252,603933,20200102,09:41:10.000,15.94,16,16.17,15.95,16.03,10,16.13,16.12,16.11,16.1,16.09,16.08,16.07,16.06,16.04,16.03,16.02,16.01,16.0,15.99,15.98,15.97,15.96,15.95,15.94,15.93,10,12000,3400,700,4500,600,13500,3412,1500,6200,1000,12800,11900,7200,3900,4400,2800,8300,6900,9600,7700,582,437800,7028660.0,183700,15.789000000000001,422912,16.692999999999998,0,1577929270000,SSE,0.0,5,4,9,3,8,4,7,8,5,3,2,2,2,5,2,1,4,2,4,5
253,603933,20200102,09:41:13.000,15.94,16,16.17,15.95,16.03,10,16.14,16.13,16.12,16.11,16.1,16.09,16.08,16.07,16.06,16.04,16.03,16.02,16.01,16.0,15.99,15.98,15.97,15.96,15.95,15.94,10,11000,12000,3400,700,4500,600,13500,3412,1500,6200,4000,12800,11900,7200,3900,4400,2800,8300,6900,9600,584,438800,7044690.0,187700,15.794,416912,16.694000000000003,0,1577929273000,SSE,0.0,1,5,4,9,3,8,4,7,8,5,2,2,5,2,1,4,2,4,5,8
